@article{Dulat:2015mca,
    author = "Dulat, Sayipjamal and Hou, Tie-Jiun and Gao, Jun and Guzzi, Marco and Huston, Joey and Nadolsky, Pavel and Pumplin, Jon and Schmidt, Carl and Stump, Daniel and Yuan, C. P.",
    title = "{New parton distribution functions from a global analysis of quantum chromodynamics}",
    eprint = "1506.07443",
    archivePrefix = "arXiv",
    primaryClass = "hep-ph",
    doi = "10.1103/PhysRevD.93.033006",
    journal = "Phys. Rev. D",
    volume = "93",
    number = "3",
    pages = "033006",
    year = "2016"
}

@article{Harland-Lang:2014zoa,
    author = "Harland-Lang, L. A. and Martin, A. D. and Motylinski, P. and Thorne, R. S.",
    title = "{Parton distributions in the LHC era: MMHT 2014 PDFs}",
    eprint = "1412.3989",
    archivePrefix = "arXiv",
    primaryClass = "hep-ph",
    reportNumber = "LCTS-2014-47, IPPP-14-97, DCPT-14-194",
    doi = "10.1140/epjc/s10052-015-3397-6",
    journal = "Eur. Phys. J. C",
    volume = "75",
    number = "5",
    pages = "204",
    year = "2015"
}

@article{Sjostrand:2014zea,
    author = {Sj\"ostrand, Torbj\"orn and Ask, Stefan and Christiansen, Jesper R. and Corke, Richard and Desai, Nishita and Ilten, Philip and Mrenna, Stephen and Prestel, Stefan and Rasmussen, Christine O. and Skands, Peter Z.},
    title = "{An introduction to PYTHIA 8.2}",
    eprint = "1410.3012",
    archivePrefix = "arXiv",
    primaryClass = "hep-ph",
    reportNumber = "LU-TP-14-36, MCNET-14-22, CERN-PH-TH-2014-190, FERMILAB-PUB-14-316-CD, DESY-14-178, SLAC-PUB-16122",
    doi = "10.1016/j.cpc.2015.01.024",
    journal = "Comput. Phys. Commun.",
    volume = "191",
    pages = "159--177",
    year = "2015"
}

@article{Alwall:2014hca,
    author = "Alwall, J. and Frederix, R. and Frixione, S. and Hirschi, V. and Maltoni, F. and Mattelaer, O. and Shao, H. -S. and Stelzer, T. and Torrielli, P. and Zaro, M.",
    title = "{The automated computation of tree-level and next-to-leading order differential cross sections, and their matching to parton shower simulations}",
    eprint = "1405.0301",
    archivePrefix = "arXiv",
    primaryClass = "hep-ph",
    reportNumber = "CERN-PH-TH-2014-064, CP3-14-18, LPN14-066, MCNET-14-09, ZU-TH-14-14",
    doi = "10.1007/JHEP07(2014)079",
    journal = "JHEP",
    volume = "07",
    pages = "079",
    year = "2014"
}

@article{Alloul:2013bka,
    author = "Alloul, Adam and Christensen, Neil D. and Degrande, C\'eline and Duhr, Claude and Fuks, Benjamin",
    title = "{FeynRules  2.0 - A complete toolbox for tree-level phenomenology}",
    eprint = "1310.1921",
    archivePrefix = "arXiv",
    primaryClass = "hep-ph",
    reportNumber = "CERN-PH-TH-2013-239, MCNET-13-14, IPPP-13-71, DCPT-13-142, PITT-PACC-1308",
    doi = "10.1016/j.cpc.2014.04.012",
    journal = "Comput. Phys. Commun.",
    volume = "185",
    pages = "2250--2300",
    year = "2014"
}

@article{deFavereau:2013fsa,
    author = "de Favereau, J. and Delaere, C. and Demin, P. and Giammanco, A. and Lema\^\i{}tre, V. and Mertens, A. and Selvaggi, M.",
    collaboration = "DELPHES 3",
    title = "{DELPHES 3, A modular framework for fast simulation of a generic collider experiment}",
    eprint = "1307.6346",
    archivePrefix = "arXiv",
    primaryClass = "hep-ex",
    doi = "10.1007/JHEP02(2014)057",
    journal = "JHEP",
    volume = "02",
    pages = "057",
    year = "2014"
}

@article{Buttazzo:2013uya,
    author = "Buttazzo, Dario and Degrassi, Giuseppe and Giardino, Pier Paolo and Giudice, Gian F. and Sala, Filippo and Salvio, Alberto and Strumia, Alessandro",
    title = "{Investigating the near-criticality of the Higgs boson}",
    eprint = "1307.3536",
    archivePrefix = "arXiv",
    primaryClass = "hep-ph",
    reportNumber = "CERN-PH-TH-2013-166, FTUAM-13-20, IFT-UAM-CSIC-13-081, IFUP-TH",
    doi = "10.1007/JHEP12(2013)089",
    journal = "JHEP",
    volume = "12",
    pages = "089",
    year = "2013"
}

@article{Czakon:2013goa,
    author = "Czakon, Micha\l{} and Fiedler, Paul and Mitov, Alexander",
    title = "{Total Top-Quark Pair-Production Cross Section at Hadron Colliders
Through $O(\alpha^4_S)$}",
    eprint = "1303.6254",
    archivePrefix = "arXiv",
    primaryClass = "hep-ph",
    reportNumber = "CERN-PH-TH-2013-056, TTK-13-08",
    doi = "10.1103/PhysRevLett.110.252004",
    journal = "Phys. Rev. Lett.",
    volume = "110",
    pages = "252004",
    year = "2013"
}

@article{Degrassi:2012ry,
    author = "Degrassi, Giuseppe and Di Vita, Stefano and Elias-Miro, Joan and Espinosa, Jose R. and Giudice, Gian F. and Isidori, Gino and Strumia, Alessandro",
    title = "{Higgs mass and vacuum stability in the Standard Model at NNLO}",
    eprint = "1205.6497",
    archivePrefix = "arXiv",
    primaryClass = "hep-ph",
    reportNumber = "CERN-PH-TH-2012-134, RM3-TH-12-9",
    doi = "10.1007/JHEP08(2012)098",
    journal = "JHEP",
    volume = "08",
    pages = "098",
    year = "2012"
}

@article{Czakon:2011xx,
    author = "Czakon, Michal and Mitov, Alexander",
    title = "{Top++: A Program for the Calculation of the Top-Pair Cross-Section at Hadron Colliders}",
    eprint = "1112.5675",
    archivePrefix = "arXiv",
    primaryClass = "hep-ph",
    reportNumber = "CERN-PH-TH-2011-303, TTK-11-58",
    doi = "10.1016/j.cpc.2014.06.021",
    journal = "Comput. Phys. Commun.",
    volume = "185",
    pages = "2930",
    year = "2014"
}

@article{Cacciari:2011ma,
    author = "Cacciari, Matteo and Salam, Gavin P. and Soyez, Gregory",
    title = "{FastJet User Manual}",
    eprint = "1111.6097",
    archivePrefix = "arXiv",
    primaryClass = "hep-ph",
    reportNumber = "CERN-PH-TH-2011-297",
    doi = "10.1140/epjc/s10052-012-1896-2",
    journal = "Eur. Phys. J. C",
    volume = "72",
    pages = "1896",
    year = "2012"
}

@article{Branco:2011iw,
    author = "Branco, G. C. and Ferreira, P. M. and Lavoura, L. and Rebelo, M. N. and Sher, Marc and Silva, Joao P.",
    title = "{Theory and phenomenology of two-Higgs-doublet models}",
    eprint = "1106.0034",
    archivePrefix = "arXiv",
    primaryClass = "hep-ph",
    doi = "10.1016/j.physrep.2012.02.002",
    journal = "Phys. Rept.",
    volume = "516",
    pages = "1--102",
    year = "2012"
}

@article{Alwall:2011uj,
    author = "Alwall, Johan and Herquet, Michel and Maltoni, Fabio and Mattelaer, Olivier and Stelzer, Tim",
    title = "{MadGraph 5 : Going Beyond}",
    eprint = "1106.0522",
    archivePrefix = "arXiv",
    primaryClass = "hep-ph",
    reportNumber = "FERMILAB-PUB-11-448-T",
    doi = "10.1007/JHEP06(2011)128",
    journal = "JHEP",
    volume = "06",
    pages = "128",
    year = "2011"
}

@article{Campbell:2011bn,
    author = "Campbell, John M. and Ellis, R. Keith and Williams, Ciaran",
    title = "{Vector boson pair production at the LHC}",
    eprint = "1105.0020",
    archivePrefix = "arXiv",
    primaryClass = "hep-ph",
    reportNumber = "FERMILAB-PUB-11-182-T",
    doi = "10.1007/JHEP07(2011)018",
    journal = "JHEP",
    volume = "07",
    pages = "018",
    year = "2011"
}

@article{Mention:2011rk,
    author = "Mention, G. and Fechner, M. and Lasserre, Th. and Mueller, Th. A. and Lhuillier, D. and Cribier, M. and Letourneau, A.",
    title = "{The Reactor Antineutrino Anomaly}",
    eprint = "1101.2755",
    archivePrefix = "arXiv",
    primaryClass = "hep-ex",
    doi = "10.1103/PhysRevD.83.073006",
    journal = "Phys. Rev. D",
    volume = "83",
    pages = "073006",
    year = "2011"
}

@article{Grzadkowski:2010es,
    author = "Grzadkowski, B. and Iskrzynski, M. and Misiak, M. and Rosiek, J.",
    title = "{Dimension-Six Terms in the Standard Model Lagrangian}",
    eprint = "1008.4884",
    archivePrefix = "arXiv",
    primaryClass = "hep-ph",
    reportNumber = "IFT-9-2010, TTP10-35",
    doi = "10.1007/JHEP10(2010)085",
    journal = "JHEP",
    volume = "10",
    pages = "085",
    year = "2010"
}

@article{Lai:2010vv,
    author = "Lai, Hung-Liang and Guzzi, Marco and Huston, Joey and Li, Zhao and Nadolsky, Pavel M. and Pumplin, Jon and Yuan, C. -P.",
    title = "{New parton distributions for collider physics}",
    eprint = "1007.2241",
    archivePrefix = "arXiv",
    primaryClass = "hep-ph",
    reportNumber = "MSUHEP-100707, SMU-HEP-10-10",
    doi = "10.1103/PhysRevD.82.074024",
    journal = "Phys. Rev. D",
    volume = "82",
    pages = "074024",
    year = "2010"
}

@article{Skands:2010ak,
    author = "Skands, Peter Zeiler",
    title = "{Tuning Monte Carlo Generators: The Perugia Tunes}",
    eprint = "1005.3457",
    archivePrefix = "arXiv",
    primaryClass = "hep-ph",
    reportNumber = "MCNET-10-08, CERN-PH-TH-2010-113",
    doi = "10.1103/PhysRevD.82.074018",
    journal = "Phys. Rev. D",
    volume = "82",
    pages = "074018",
    year = "2010"
}

@article{DeFelice:2010aj,
    author = "De Felice, Antonio and Tsujikawa, Shinji",
    title = "{f(R) theories}",
    eprint = "1002.4928",
    archivePrefix = "arXiv",
    primaryClass = "gr-qc",
    doi = "10.12942/lrr-2010-3",
    journal = "Living Rev. Rel.",
    volume = "13",
    pages = "3",
    year = "2010"
}

@article{Alioli:2010xd,
    author = "Alioli, Simone and Nason, Paolo and Oleari, Carlo and Re, Emanuele",
    title = "{A general framework for implementing NLO calculations in shower Monte Carlo programs: the POWHEG BOX}",
    eprint = "1002.2581",
    archivePrefix = "arXiv",
    primaryClass = "hep-ph",
    reportNumber = "DESY-10-018, SFB-CPP-10-22, IPPP-10-11, DCPT-10-22",
    doi = "10.1007/JHEP06(2010)043",
    journal = "JHEP",
    volume = "06",
    pages = "043",
    year = "2010"
}

@article{Ellwanger:2009dp,
    author = "Ellwanger, Ulrich and Hugonie, Cyril and Teixeira, Ana M.",
    title = "{The Next-to-Minimal Supersymmetric Standard Model}",
    eprint = "0910.1785",
    archivePrefix = "arXiv",
    primaryClass = "hep-ph",
    reportNumber = "LPT-ORSAY-09-76, CFTP-09-032, LPTA-09-066",
    doi = "10.1016/j.physrep.2010.07.001",
    journal = "Phys. Rept.",
    volume = "496",
    pages = "1--77",
    year = "2010"
}

@article{Eskola:2009uj,
    author = "Eskola, K. J. and Paukkunen, H. and Salgado, C. A.",
    title = "{EPS09: A New Generation of NLO and LO Nuclear Parton Distribution Functions}",
    eprint = "0902.4154",
    archivePrefix = "arXiv",
    primaryClass = "hep-ph",
    doi = "10.1088/1126-6708/2009/04/065",
    journal = "JHEP",
    volume = "04",
    pages = "065",
    year = "2009"
}

@article{Jegerlehner:2009ry,
    author = "Jegerlehner, Fred and Nyffeler, Andreas",
    title = "{The Muon g-2}",
    eprint = "0902.3360",
    archivePrefix = "arXiv",
    primaryClass = "hep-ph",
    reportNumber = "HU-EP-09-07, HRI-P-09-02-001, RECAPP-HRI-2009-003",
    doi = "10.1016/j.physrep.2009.04.003",
    journal = "Phys. Rept.",
    volume = "477",
    pages = "1--110",
    year = "2009"
}

@article{Martin:2009iq,
    author = "Martin, A. D. and Stirling, W. J. and Thorne, R. S. and Watt, G.",
    title = "{Parton distributions for the LHC}",
    eprint = "0901.0002",
    archivePrefix = "arXiv",
    primaryClass = "hep-ph",
    reportNumber = "IPPP-08-95, DCPT-08-190, CAVENDISH-HEP-08-16",
    doi = "10.1140/epjc/s10052-009-1072-5",
    journal = "Eur. Phys. J. C",
    volume = "63",
    pages = "189--285",
    year = "2009"
}

@article{Gleisberg:2008ta,
    author = "Gleisberg, T. and Hoeche, Stefan. and Krauss, F. and Schonherr, M. and Schumann, S. and Siegert, F. and Winter, J.",
    title = "{Event generation with SHERPA 1.1}",
    eprint = "0811.4622",
    archivePrefix = "arXiv",
    primaryClass = "hep-ph",
    reportNumber = "FERMILAB-PUB-08-477-T, SLAC-PUB-13420, ZU-TH-17-08, DCPT-08-138, IPPP-08-69, EDINBURGH-2008-30, MCNET-08-14",
    doi = "10.1088/1126-6708/2009/02/007",
    journal = "JHEP",
    volume = "02",
    pages = "007",
    year = "2009"
}

@article{ArkaniHamed:2008qn,
    author = "Arkani-Hamed, Nima and Finkbeiner, Douglas P. and Slatyer, Tracy R. and Weiner, Neal",
    title = "{A Theory of Dark Matter}",
    eprint = "0810.0713",
    archivePrefix = "arXiv",
    primaryClass = "hep-ph",
    doi = "10.1103/PhysRevD.79.015014",
    journal = "Phys. Rev. D",
    volume = "79",
    pages = "015014",
    year = "2009"
}

@article{Fukushima:2008xe,
    author = "Fukushima, Kenji and Kharzeev, Dmitri E. and Warringa, Harmen J.",
    title = "{The Chiral Magnetic Effect}",
    eprint = "0808.3382",
    archivePrefix = "arXiv",
    primaryClass = "hep-ph",
    doi = "10.1103/PhysRevD.78.074033",
    journal = "Phys. Rev. D",
    volume = "78",
    pages = "074033",
    year = "2008"
}

@article{Nayak:2008zza,
    author = "Nayak, Chetan and Simon, Steven H. and Stern, Ady and Freedman, Michael and Das Sarma, Sankar",
    title = "{Non-Abelian anyons and topological quantum computation}",
    eprint = "0707.1889",
    archivePrefix = "arXiv",
    primaryClass = "cond-mat.str-el",
    doi = "10.1103/RevModPhys.80.1083",
    journal = "Rev. Mod. Phys.",
    volume = "80",
    pages = "1083--1159",
    year = "2008"
}

@article{Nadolsky:2008zw,
    author = "Nadolsky, Pavel M. and Lai, Hung-Liang and Cao, Qing-Hong and Huston, Joey and Pumplin, Jon and Stump, Daniel and Tung, Wu-Ki and Yuan, C. -P.",
    title = "{Implications of CTEQ global analysis for collider observables}",
    eprint = "0802.0007",
    archivePrefix = "arXiv",
    primaryClass = "hep-ph",
    reportNumber = "MSUHEP-080125, UCRHEP-T447",
    doi = "10.1103/PhysRevD.78.013004",
    journal = "Phys. Rev. D",
    volume = "78",
    pages = "013004",
    year = "2008"
}

@article{Butterworth:2008iy,
    author = "Butterworth, Jonathan M. and Davison, Adam R. and Rubin, Mathieu and Salam, Gavin P.",
    title = "{Jet substructure as a new Higgs search channel at the LHC}",
    eprint = "0802.2470",
    archivePrefix = "arXiv",
    primaryClass = "hep-ph",
    doi = "10.1103/PhysRevLett.100.242001",
    journal = "Phys. Rev. Lett.",
    volume = "100",
    pages = "242001",
    year = "2008"
}

@article{Cacciari:2008gp,
    author = "Cacciari, Matteo and Salam, Gavin P. and Soyez, Gregory",
    title = "{The anti-$k_t$ jet clustering algorithm}",
    eprint = "0802.1189",
    archivePrefix = "arXiv",
    primaryClass = "hep-ph",
    reportNumber = "LPTHE-07-03",
    doi = "10.1088/1126-6708/2008/04/063",
    journal = "JHEP",
    volume = "04",
    pages = "063",
    year = "2008"
}

@article{Langacker:2008yv,
    author = "Langacker, Paul",
    title = "{The Physics of Heavy $Z^\prime$ Gauge Bosons}",
    eprint = "0801.1345",
    archivePrefix = "arXiv",
    primaryClass = "hep-ph",
    doi = "10.1103/RevModPhys.81.1199",
    journal = "Rev. Mod. Phys.",
    volume = "81",
    pages = "1199--1228",
    year = "2009"
}

@article{Kharzeev:2007jp,
    author = "Kharzeev, Dmitri E. and McLerran, Larry D. and Warringa, Harmen J.",
    title = "{The Effects of topological charge change in heavy ion collisions: 'Event by event P and CP violation'}",
    eprint = "0711.0950",
    archivePrefix = "arXiv",
    primaryClass = "hep-ph",
    doi = "10.1016/j.nuclphysa.2008.02.298",
    journal = "Nucl. Phys. A",
    volume = "803",
    pages = "227--253",
    year = "2008"
}

@article{Sjostrand:2007gs,
    author = "Sjostrand, Torbjorn and Mrenna, Stephen and Skands, Peter Z.",
    title = "{A Brief Introduction to PYTHIA 8.1}",
    eprint = "0710.3820",
    archivePrefix = "arXiv",
    primaryClass = "hep-ph",
    reportNumber = "CERN-LCGAPP-2007-04, LU-TP-07-28, FERMILAB-PUB-07-512-CD-T",
    doi = "10.1016/j.cpc.2008.01.036",
    journal = "Comput. Phys. Commun.",
    volume = "178",
    pages = "852--867",
    year = "2008"
}

@article{Alford:2007xm,
    author = {Alford, Mark G. and Schmitt, Andreas and Rajagopal, Krishna and Sch\"afer, Thomas},
    title = "{Color superconductivity in dense quark matter}",
    eprint = "0709.4635",
    archivePrefix = "arXiv",
    primaryClass = "hep-ph",
    reportNumber = "MIT-CTP-3861",
    doi = "10.1103/RevModPhys.80.1455",
    journal = "Rev. Mod. Phys.",
    volume = "80",
    pages = "1455--1515",
    year = "2008"
}

@article{Frixione:2007vw,
    author = "Frixione, Stefano and Nason, Paolo and Oleari, Carlo",
    title = "{Matching NLO QCD computations with Parton Shower simulations: the POWHEG method}",
    eprint = "0709.2092",
    archivePrefix = "arXiv",
    primaryClass = "hep-ph",
    reportNumber = "BICOCCA-FT-07-9, GEF-TH-21-2007",
    doi = "10.1088/1126-6708/2007/11/070",
    journal = "JHEP",
    volume = "11",
    pages = "070",
    year = "2007"
}

@article{Cacciari:2007fd,
    author = "Cacciari, Matteo and Salam, Gavin P.",
    title = "{Pileup subtraction using jet areas}",
    eprint = "0707.1378",
    archivePrefix = "arXiv",
    primaryClass = "hep-ph",
    reportNumber = "LPTHE-07-01",
    doi = "10.1016/j.physletb.2007.09.077",
    journal = "Phys. Lett. B",
    volume = "659",
    pages = "119--126",
    year = "2008"
}

@article{Alwall:2007st,
    author = "Alwall, Johan and Demin, Pavel and de Visscher, Simon and Frederix, Rikkert and Herquet, Michel and Maltoni, Fabio and Plehn, Tilman and Rainwater, David L. and Stelzer, Tim",
    title = "{MadGraph/MadEvent v4: The New Web Generation}",
    eprint = "0706.2334",
    archivePrefix = "arXiv",
    primaryClass = "hep-ph",
    reportNumber = "SLAC-PUB-12603, CP3-07-17",
    doi = "10.1088/1126-6708/2007/09/028",
    journal = "JHEP",
    volume = "09",
    pages = "028",
    year = "2007"
}

@article{Sjostrand:2006za,
    author = "Sjostrand, Torbjorn and Mrenna, Stephen and Skands, Peter Z.",
    title = "{PYTHIA 6.4 Physics and Manual}",
    eprint = "hep-ph/0603175",
    archivePrefix = "arXiv",
    reportNumber = "FERMILAB-PUB-06-052-CD-T, LU-TP-06-13",
    doi = "10.1088/1126-6708/2006/05/026",
    journal = "JHEP",
    volume = "05",
    pages = "026",
    year = "2006"
}

@article{Ma:2006km,
    author = "Ma, Ernest",
    title = "{Verifiable radiative seesaw mechanism of neutrino mass and dark matter}",
    eprint = "hep-ph/0601225",
    archivePrefix = "arXiv",
    reportNumber = "UCRHEP-T403",
    doi = "10.1103/PhysRevD.73.077301",
    journal = "Phys. Rev. D",
    volume = "73",
    pages = "077301",
    year = "2006"
}

@article{Cacciari:2005hq,
    author = "Cacciari, Matteo and Salam, Gavin P.",
    title = "{Dispelling the $N^{3}$ myth for the $k_t$ jet-finder}",
    eprint = "hep-ph/0512210",
    archivePrefix = "arXiv",
    reportNumber = "LPTHE-05-32",
    doi = "10.1016/j.physletb.2006.08.037",
    journal = "Phys. Lett. B",
    volume = "641",
    pages = "57--61",
    year = "2006"
}

@article{Ferrari:2005zk,
    author = "Ferrari, Alfredo and Sala, Paola R. and Fasso, Alberto and Ranft, Johannes",
    title = "{FLUKA: A multi-particle transport code (Program version 2005)}",
    reportNumber = "CERN-2005-010, SLAC-R-773, INFN-TC-05-11, CERN-2005-10",
    doi = "10.2172/877507",
    month = "10",
    year = "2005"
}

@article{Golonka:2005pn,
    author = "Golonka, Piotr and Was, Zbigniew",
    title = "{PHOTOS Monte Carlo: A Precision tool for QED corrections in $Z$ and $W$ decays}",
    eprint = "hep-ph/0506026",
    archivePrefix = "arXiv",
    reportNumber = "IFJPAN-V-05-01, CERN-PH-TH-2005-091",
    doi = "10.1140/epjc/s2005-02396-4",
    journal = "Eur. Phys. J. C",
    volume = "45",
    pages = "97--107",
    year = "2006"
}

@article{Djouadi:2005gj,
    author = "Djouadi, Abdelhak",
    title = "{The Anatomy of electro-weak symmetry breaking. II. The Higgs bosons in the minimal supersymmetric model}",
    eprint = "hep-ph/0503173",
    archivePrefix = "arXiv",
    reportNumber = "LPT-ORSAY-05-18",
    doi = "10.1016/j.physrep.2007.10.005",
    journal = "Phys. Rept.",
    volume = "459",
    pages = "1--241",
    year = "2008"
}

@article{Djouadi:2005gi,
    author = "Djouadi, Abdelhak",
    title = "{The Anatomy of electro-weak symmetry breaking. I: The Higgs boson in the standard model}",
    eprint = "hep-ph/0503172",
    archivePrefix = "arXiv",
    reportNumber = "LPT-ORSAY-05-17",
    doi = "10.1016/j.physrep.2007.10.004",
    journal = "Phys. Rept.",
    volume = "457",
    pages = "1--216",
    year = "2008"
}

@article{Erlich:2005qh,
    author = "Erlich, Joshua and Katz, Emanuel and Son, Dam T. and Stephanov, Mikhail A.",
    title = "{QCD and a holographic model of hadrons}",
    eprint = "hep-ph/0501128",
    archivePrefix = "arXiv",
    reportNumber = "SLAC-PUB-10965, WM-05-101, INT-PUB-05-02",
    doi = "10.1103/PhysRevLett.95.261602",
    journal = "Phys. Rev. Lett.",
    volume = "95",
    pages = "261602",
    year = "2005"
}

@article{Agashe:2004rs,
    author = "Agashe, Kaustubh and Contino, Roberto and Pomarol, Alex",
    title = "{The Minimal composite Higgs model}",
    eprint = "hep-ph/0412089",
    archivePrefix = "arXiv",
    reportNumber = "UAB-FT-567",
    doi = "10.1016/j.nuclphysb.2005.04.035",
    journal = "Nucl. Phys. B",
    volume = "719",
    pages = "165--187",
    year = "2005"
}

@article{Nason:2004rx,
    author = "Nason, Paolo",
    title = "{A New method for combining NLO QCD with shower Monte Carlo algorithms}",
    eprint = "hep-ph/0409146",
    archivePrefix = "arXiv",
    reportNumber = "BICOCCA-FT-04-11",
    doi = "10.1088/1126-6708/2004/11/040",
    journal = "JHEP",
    volume = "11",
    pages = "040",
    year = "2004"
}

@article{Charles:2004jd,
    author = "Charles, J. and Hocker, Andreas and Lacker, H. and Laplace, S. and Le Diberder, F. R. and Malcles, J. and Ocariz, J. and Pivk, M. and Roos, L.",
    collaboration = "CKMfitter Group",
    title = "{CP violation and the CKM matrix: Assessing the impact of the asymmetric $B$ factories}",
    eprint = "hep-ph/0406184",
    archivePrefix = "arXiv",
    reportNumber = "CPT-2004-P-030, LAL-04-21, LAPP-EXP-2004-01, LPNHE-2004-01",
    doi = "10.1140/epjc/s2005-02169-1",
    journal = "Eur. Phys. J. C",
    volume = "41",
    number = "1",
    pages = "1--131",
    year = "2005"
}

@article{Maltoni:2004ei,
    author = "Maltoni, M. and Schwetz, T. and Tortola, M. A. and Valle, J. W. F.",
    title = "{Status of global fits to neutrino oscillations}",
    eprint = "hep-ph/0405172",
    archivePrefix = "arXiv",
    reportNumber = "IFIC-04-19, TUM-HEP-548-04, YITP-SB-04-29",
    doi = "10.1088/1367-2630/6/1/122",
    journal = "New J. Phys.",
    volume = "6",
    pages = "122",
    year = "2004"
}

@article{Gyulassy:2004zy,
    author = "Gyulassy, Miklos and McLerran, Larry",
    editor = "Rischke, D. and Levin, G.",
    title = "{New forms of QCD matter discovered at RHIC}",
    eprint = "nucl-th/0405013",
    archivePrefix = "arXiv",
    doi = "10.1016/j.nuclphysa.2004.10.034",
    journal = "Nucl. Phys. A",
    volume = "750",
    pages = "30--63",
    year = "2005"
}

@article{Bertone:2004pz,
    author = "Bertone, Gianfranco and Hooper, Dan and Silk, Joseph",
    title = "{Particle dark matter: Evidence, candidates and constraints}",
    eprint = "hep-ph/0404175",
    archivePrefix = "arXiv",
    reportNumber = "FERMILAB-PUB-04-047-A",
    doi = "10.1016/j.physrep.2004.08.031",
    journal = "Phys. Rept.",
    volume = "405",
    pages = "279--390",
    year = "2005"
}

@article{Moch:2004pa,
    author = "Moch, S. and Vermaseren, J. A. M. and Vogt, A.",
    title = "{The Three loop splitting functions in QCD: The Nonsinglet case}",
    eprint = "hep-ph/0403192",
    archivePrefix = "arXiv",
    reportNumber = "DESY-04-047, SFB-CPP-04-09, NIKHEF-04-001",
    doi = "10.1016/j.nuclphysb.2004.03.030",
    journal = "Nucl. Phys. B",
    volume = "688",
    pages = "101--134",
    year = "2004"
}

@article{Buballa:2003qv,
    author = "Buballa, Michael",
    title = "{NJL model analysis of quark matter at large density}",
    eprint = "hep-ph/0402234",
    archivePrefix = "arXiv",
    doi = "10.1016/j.physrep.2004.11.004",
    journal = "Phys. Rept.",
    volume = "407",
    pages = "205--376",
    year = "2005"
}

@article{Diehl:2003ny,
    author = "Diehl, M.",
    title = "{Generalized parton distributions}",
    eprint = "hep-ph/0307382",
    archivePrefix = "arXiv",
    reportNumber = "DESY-THESIS-2003-018",
    doi = "10.1016/j.physrep.2003.08.002",
    journal = "Phys. Rept.",
    volume = "388",
    pages = "41--277",
    year = "2003"
}

@article{Frixione:2003ei,
    author = "Frixione, Stefano and Nason, Paolo and Webber, Bryan R.",
    title = "{Matching NLO QCD and parton showers in heavy flavor production}",
    eprint = "hep-ph/0305252",
    archivePrefix = "arXiv",
    reportNumber = "BICOCCA-FT-03-11, CAVENDISH-HEP-03-03, CERN-TH-2003-102, GEF-TH-5-2003",
    doi = "10.1088/1126-6708/2003/08/007",
    journal = "JHEP",
    volume = "08",
    pages = "007",
    year = "2003"
}

@article{Stump:2003yu,
    author = "Stump, Daniel and Huston, Joey and Pumplin, Jon and Tung, Wu-Ki and Lai, H. L. and Kuhlmann, Steve and Owens, J. F.",
    title = "{Inclusive jet production, parton distributions, and the search for new physics}",
    eprint = "hep-ph/0303013",
    archivePrefix = "arXiv",
    reportNumber = "MSU-HEP-030303",
    doi = "10.1088/1126-6708/2003/10/046",
    journal = "JHEP",
    volume = "10",
    pages = "046",
    year = "2003"
}

@article{Porod:2003um,
    author = "Porod, Werner",
    title = "{SPheno, a program for calculating supersymmetric spectra, SUSY particle decays and SUSY particle production at e+ e- colliders}",
    eprint = "hep-ph/0301101",
    archivePrefix = "arXiv",
    reportNumber = "ZU-TH-01-03",
    doi = "10.1016/S0010-4655(03)00222-4",
    journal = "Comput. Phys. Commun.",
    volume = "153",
    pages = "275--315",
    year = "2003"
}

@article{Degrassi:2002fi,
    author = "Degrassi, G. and Heinemeyer, S. and Hollik, W. and Slavich, P. and Weiglein, G.",
    title = "{Towards high precision predictions for the MSSM Higgs sector}",
    eprint = "hep-ph/0212020",
    archivePrefix = "arXiv",
    reportNumber = "DCPT-02-126, IPPP-02-63, LMU-11-02, MPI-PHT-2002-73, RM3-TH-02-19",
    doi = "10.1140/epjc/s2003-01152-2",
    journal = "Eur. Phys. J. C",
    volume = "28",
    pages = "133--143",
    year = "2003"
}

@article{Djouadi:2002ze,
    author = "Djouadi, Abdelhak and Kneur, Jean-Loic and Moultaka, Gilbert",
    title = "{SuSpect: A Fortran code for the supersymmetric and Higgs particle spectrum in the MSSM}",
    eprint = "hep-ph/0211331",
    archivePrefix = "arXiv",
    reportNumber = "PM-02-39, CERN-TH-2002-325",
    doi = "10.1016/j.cpc.2006.11.009",
    journal = "Comput. Phys. Commun.",
    volume = "176",
    pages = "426--455",
    year = "2007"
}

@article{Corcella:2002jc,
    author = "Corcella, G. and Knowles, I. G. and Marchesini, G. and Moretti, S. and Odagiri, K. and Richardson, P. and Seymour, M. H. and Webber, B. R.",
    title = "{HERWIG 6.5 release note}",
    eprint = "hep-ph/0210213",
    archivePrefix = "arXiv",
    reportNumber = "CAVENDISH-HEP-02-17, DAMTP-2002-124, KEK-TH-850, MPI-PHT-2002-55, CERN-TH-2002-270, IPPP-02-58, MC-TH-2002-7",
    month = "10",
    year = "2002"
}

@article{Maltoni:2002qb,
    author = "Maltoni, Fabio and Stelzer, Tim",
    title = "{MadEvent: Automatic event generation with MadGraph}",
    eprint = "hep-ph/0208156",
    archivePrefix = "arXiv",
    doi = "10.1088/1126-6708/2003/02/027",
    journal = "JHEP",
    volume = "02",
    pages = "027",
    year = "2003"
}

@article{Anastasiou:2002yz,
    author = "Anastasiou, Charalampos and Melnikov, Kirill",
    title = "{Higgs boson production at hadron colliders in NNLO QCD}",
    eprint = "hep-ph/0207004",
    archivePrefix = "arXiv",
    reportNumber = "SLAC-PUB-9273",
    doi = "10.1016/S0550-3213(02)00837-4",
    journal = "Nucl. Phys. B",
    volume = "646",
    pages = "220--256",
    year = "2002"
}

@article{DAmbrosio:2002vsn,
    author = "D'Ambrosio, G. and Giudice, G. F. and Isidori, G. and Strumia, A.",
    title = "{Minimal flavor violation: An Effective field theory approach}",
    eprint = "hep-ph/0207036",
    archivePrefix = "arXiv",
    reportNumber = "CERN-TH-2002-147, IFUP-TH-2002-17",
    doi = "10.1016/S0550-3213(02)00836-2",
    journal = "Nucl. Phys. B",
    volume = "645",
    pages = "155--187",
    year = "2002"
}

@article{ArkaniHamed:2002qy,
    author = "Arkani-Hamed, N. and Cohen, A. G. and Katz, E. and Nelson, A. E.",
    title = "{The Littlest Higgs}",
    eprint = "hep-ph/0206021",
    archivePrefix = "arXiv",
    reportNumber = "UW-PT-01-07, HUTP-02-A017, BUHEP-02-23",
    doi = "10.1088/1126-6708/2002/07/034",
    journal = "JHEP",
    volume = "07",
    pages = "034",
    year = "2002"
}

@article{Mangano:2002ea,
    author = "Mangano, Michelangelo L. and Moretti, Mauro and Piccinini, Fulvio and Pittau, Roberto and Polosa, Antonio D.",
    title = "{ALPGEN, a generator for hard multiparton processes in hadronic collisions}",
    eprint = "hep-ph/0206293",
    archivePrefix = "arXiv",
    reportNumber = "CERN-TH-2002-129, FTN-T-2002-06",
    doi = "10.1088/1126-6708/2003/07/001",
    journal = "JHEP",
    volume = "07",
    pages = "001",
    year = "2003"
}

@article{Frixione:2002ik,
    author = "Frixione, Stefano and Webber, Bryan R.",
    title = "{Matching NLO QCD computations and parton shower simulations}",
    eprint = "hep-ph/0204244",
    archivePrefix = "arXiv",
    reportNumber = "CAVENDISH-HEP-02-01, LAPTH-905-02, GEF-TH-2-2002",
    doi = "10.1088/1126-6708/2002/06/029",
    journal = "JHEP",
    volume = "06",
    pages = "029",
    year = "2002"
}

@article{Hill:2002ap,
    author = "Hill, Christopher T. and Simmons, Elizabeth H.",
    title = "{Strong Dynamics and Electroweak Symmetry Breaking}",
    eprint = "hep-ph/0203079",
    archivePrefix = "arXiv",
    reportNumber = "FERMILAB-PUB-02-045-T, BUHEP-01-09",
    doi = "10.1016/S0370-1573(03)00140-6",
    journal = "Phys. Rept.",
    volume = "381",
    pages = "235--402",
    year = "2003",
    note = "[Erratum: Phys.Rept. 390, 553--554 (2004)]"
}

@article{Harrison:2002er,
    author = "Harrison, P. F. and Perkins, D. H. and Scott, W. G.",
    title = "{Tri-bimaximal mixing and the neutrino oscillation data}",
    eprint = "hep-ph/0202074",
    archivePrefix = "arXiv",
    reportNumber = "RAL-TR-2002-002",
    doi = "10.1016/S0370-2693(02)01336-9",
    journal = "Phys. Lett. B",
    volume = "530",
    pages = "167",
    year = "2002"
}

@article{Harlander:2002wh,
    author = "Harlander, Robert V. and Kilgore, William B.",
    title = "{Next-to-next-to-leading order Higgs production at hadron colliders}",
    eprint = "hep-ph/0201206",
    archivePrefix = "arXiv",
    reportNumber = "BNL-HET-02-3, CERN-TH-2002-006",
    doi = "10.1103/PhysRevLett.88.201801",
    journal = "Phys. Rev. Lett.",
    volume = "88",
    pages = "201801",
    year = "2002"
}

@article{Pumplin:2002vw,
    author = "Pumplin, J. and Stump, D. R. and Huston, J. and Lai, H. L. and Nadolsky, Pavel M. and Tung, W. K.",
    title = "{New generation of parton distributions with uncertainties from global QCD analysis}",
    eprint = "hep-ph/0201195",
    archivePrefix = "arXiv",
    reportNumber = "MSU-HEP-011101",
    doi = "10.1088/1126-6708/2002/07/012",
    journal = "JHEP",
    volume = "07",
    pages = "012",
    year = "2002"
}

@article{Read:2002hq,
    author = "Read, Alexander L.",
    editor = "Whalley, M. R. and Lyons, L.",
    title = "{Presentation of search results: The CL(s) technique}",
    doi = "10.1088/0954-3899/28/10/313",
    journal = "J. Phys. G",
    volume = "28",
    pages = "2693--2704",
    year = "2002"
}

@article{Bauer:2001yt,
    author = "Bauer, Christian W. and Pirjol, Dan and Stewart, Iain W.",
    title = "{Soft collinear factorization in effective field theory}",
    eprint = "hep-ph/0109045",
    archivePrefix = "arXiv",
    reportNumber = "UCSD-PTH-01-15",
    doi = "10.1103/PhysRevD.65.054022",
    journal = "Phys. Rev. D",
    volume = "65",
    pages = "054022",
    year = "2002"
}

@article{Lyth:2001nq,
    author = "Lyth, David H. and Wands, David",
    title = "{Generating the curvature perturbation without an inflaton}",
    eprint = "hep-ph/0110002",
    archivePrefix = "arXiv",
    reportNumber = "PU-RCG-01-33",
    doi = "10.1016/S0370-2693(01)01366-1",
    journal = "Phys. Lett. B",
    volume = "524",
    pages = "5--14",
    year = "2002"
}

@article{Giddings:2001bu,
    author = "Giddings, Steven B. and Thomas, Scott D.",
    title = "{High-energy colliders as black hole factories: The End of short distance physics}",
    eprint = "hep-ph/0106219",
    archivePrefix = "arXiv",
    reportNumber = "NSF-ITP-01-62, SU-ITP-01-30",
    doi = "10.1103/PhysRevD.65.056010",
    journal = "Phys. Rev. D",
    volume = "65",
    pages = "056010",
    year = "2002"
}

@article{Dimopoulos:2001hw,
    author = "Dimopoulos, Savas and Landsberg, Greg L.",
    title = "{Black holes at the LHC}",
    eprint = "hep-ph/0106295",
    archivePrefix = "arXiv",
    reportNumber = "SU-ITP-01-31",
    doi = "10.1103/PhysRevLett.87.161602",
    journal = "Phys. Rev. Lett.",
    volume = "87",
    pages = "161602",
    year = "2001"
}

@article{ArkaniHamed:2001nc,
    author = "Arkani-Hamed, Nima and Cohen, Andrew G. and Georgi, Howard",
    title = "{Electroweak symmetry breaking from dimensional deconstruction}",
    eprint = "hep-ph/0105239",
    archivePrefix = "arXiv",
    reportNumber = "HUTP-01-A024, BUHEP-01-06, UCB-PTH-01-15",
    doi = "10.1016/S0370-2693(01)00741-9",
    journal = "Phys. Lett. B",
    volume = "513",
    pages = "232--240",
    year = "2001"
}

@article{Beneke:2001ev,
    author = "Beneke, M. and Buchalla, G. and Neubert, M. and Sachrajda, Christopher T.",
    title = "{QCD factorization in B ---\ensuremath{>} pi K, pi pi decays and extraction of Wolfenstein parameters}",
    eprint = "hep-ph/0104110",
    archivePrefix = "arXiv",
    reportNumber = "CERN-TH-2001-107, CLNS-01-1728, PITHA-01-01, SHEP-01-11",
    doi = "10.1016/S0550-3213(01)00251-6",
    journal = "Nucl. Phys. B",
    volume = "606",
    pages = "245--321",
    year = "2001"
}

@article{Allanach:2001kg,
    author = "Allanach, B. C.",
    title = "{SOFTSUSY: a program for calculating supersymmetric spectra}",
    eprint = "hep-ph/0104145",
    archivePrefix = "arXiv",
    reportNumber = "CERN-TH-2001-102",
    doi = "10.1016/S0010-4655(01)00460-X",
    journal = "Comput. Phys. Commun.",
    volume = "143",
    pages = "305--331",
    year = "2002"
}

@article{Casas:2001sr,
    author = "Casas, J. A. and Ibarra, A.",
    title = "{Oscillating neutrinos and $\mu \to e, \gamma$}",
    eprint = "hep-ph/0103065",
    archivePrefix = "arXiv",
    reportNumber = "IEM-FT-211-01, OUTP-01-11P, IFT-UAM-CSIC-01-08",
    doi = "10.1016/S0550-3213(01)00475-8",
    journal = "Nucl. Phys. B",
    volume = "618",
    pages = "171--204",
    year = "2001"
}

@article{Appelquist:2000nn,
    author = "Appelquist, Thomas and Cheng, Hsin-Chia and Dobrescu, Bogdan A.",
    title = "{Bounds on universal extra dimensions}",
    eprint = "hep-ph/0012100",
    archivePrefix = "arXiv",
    reportNumber = "YCTP-P12-00, EFI-2000-48, EFI--2000-48",
    doi = "10.1103/PhysRevD.64.035002",
    journal = "Phys. Rev. D",
    volume = "64",
    pages = "035002",
    year = "2001"
}

@article{Hahn:2000kx,
    author = "Hahn, Thomas",
    title = "{Generating Feynman diagrams and amplitudes with FeynArts 3}",
    eprint = "hep-ph/0012260",
    archivePrefix = "arXiv",
    reportNumber = "KA-TP-23-2000",
    doi = "10.1016/S0010-4655(01)00290-9",
    journal = "Comput. Phys. Commun.",
    volume = "140",
    pages = "418--431",
    year = "2001"
}

@article{Iancu:2000hn,
    author = "Iancu, Edmond and Leonidov, Andrei and McLerran, Larry D.",
    title = "{Nonlinear gluon evolution in the color glass condensate. 1.}",
    eprint = "hep-ph/0011241",
    archivePrefix = "arXiv",
    reportNumber = "SACLAY-T00-166, BNL-NT-00-24",
    doi = "10.1016/S0375-9474(01)00642-X",
    journal = "Nucl. Phys. A",
    volume = "692",
    pages = "583--645",
    year = "2001"
}

@article{Bauer:2000yr,
    author = "Bauer, Christian W. and Fleming, Sean and Pirjol, Dan and Stewart, Iain W.",
    title = "{An Effective field theory for collinear and soft gluons: Heavy to light decays}",
    eprint = "hep-ph/0011336",
    archivePrefix = "arXiv",
    reportNumber = "UCSD-PTH-00-28",
    doi = "10.1103/PhysRevD.63.114020",
    journal = "Phys. Rev. D",
    volume = "63",
    pages = "114020",
    year = "2001"
}

@article{Corcella:2000bw,
    author = "Corcella, G. and Knowles, I. G. and Marchesini, G. and Moretti, S. and Odagiri, K. and Richardson, P. and Seymour, M. H. and Webber, B. R.",
    title = "{HERWIG 6: An Event generator for hadron emission reactions with interfering gluons (including supersymmetric processes)}",
    eprint = "hep-ph/0011363",
    archivePrefix = "arXiv",
    reportNumber = "CAVENDISH-HEP-99-03, CERN-TH-2000-284, RAL-TR-2000-048",
    doi = "10.1088/1126-6708/2001/01/010",
    journal = "JHEP",
    volume = "01",
    pages = "010",
    year = "2001"
}

@article{Sjostrand:2000wi,
    author = "Sjostrand, Torbjorn and Eden, Patrik and Friberg, Christer and Lonnblad, Leif and Miu, Gabriela and Mrenna, Stephen and Norrbin, Emanuel",
    title = "{High-energy physics event generation with PYTHIA 6.1}",
    eprint = "hep-ph/0010017",
    archivePrefix = "arXiv",
    reportNumber = "LU-TP-00-30",
    doi = "10.1016/S0010-4655(00)00236-8",
    journal = "Comput. Phys. Commun.",
    volume = "135",
    pages = "238--259",
    year = "2001"
}

@article{Alkofer:2000wg,
    author = "Alkofer, Reinhard and von Smekal, Lorenz",
    title = "{The Infrared behavior of QCD Green's functions: Confinement dynamical symmetry breaking, and hadrons as relativistic bound states}",
    eprint = "hep-ph/0007355",
    archivePrefix = "arXiv",
    reportNumber = "UNITUE-THEP-00-09, FAU-TP3-00-8",
    doi = "10.1016/S0370-1573(01)00010-2",
    journal = "Phys. Rept.",
    volume = "353",
    pages = "281",
    year = "2001"
}

@article{Beneke:2000ry,
    author = "Beneke, M. and Buchalla, G. and Neubert, M. and Sachrajda, Christopher T.",
    title = "{QCD factorization for exclusive, nonleptonic B meson decays: General arguments and the case of heavy light final states}",
    eprint = "hep-ph/0006124",
    archivePrefix = "arXiv",
    reportNumber = "CERN-TH-2000-159, CLNS-00-1675, PITHA-00-06, SHEP-00-06",
    doi = "10.1016/S0550-3213(00)00559-9",
    journal = "Nucl. Phys. B",
    volume = "591",
    pages = "313--418",
    year = "2000"
}

@article{Berges:2000ew,
    author = "Berges, Juergen and Tetradis, Nikolaos and Wetterich, Christof",
    title = "{Nonperturbative renormalization flow in quantum field theory and statistical physics}",
    eprint = "hep-ph/0005122",
    archivePrefix = "arXiv",
    reportNumber = "MIT-CTP-2980, HD-THEP-00-26",
    doi = "10.1016/S0370-1573(01)00098-9",
    journal = "Phys. Rept.",
    volume = "363",
    pages = "223--386",
    year = "2002"
}

@article{Gherghetta:2000qt,
    author = "Gherghetta, Tony and Pomarol, Alex",
    title = "{Bulk fields and supersymmetry in a slice of AdS}",
    eprint = "hep-ph/0003129",
    archivePrefix = "arXiv",
    reportNumber = "CERN-TH-2000-081, UNIL-IPT-00-06",
    doi = "10.1016/S0550-3213(00)00392-8",
    journal = "Nucl. Phys. B",
    volume = "586",
    pages = "141--162",
    year = "2000"
}

@article{Goldberger:1999uk,
    author = "Goldberger, Walter D. and Wise, Mark B.",
    title = "{Modulus stabilization with bulk fields}",
    eprint = "hep-ph/9907447",
    archivePrefix = "arXiv",
    reportNumber = "CALT-68-2232",
    doi = "10.1103/PhysRevLett.83.4922",
    journal = "Phys. Rev. Lett.",
    volume = "83",
    pages = "4922--4925",
    year = "1999"
}

@article{Randall:1999ee,
    author = "Randall, Lisa and Sundrum, Raman",
    title = "{A Large mass hierarchy from a small extra dimension}",
    eprint = "hep-ph/9905221",
    archivePrefix = "arXiv",
    reportNumber = "MIT-CTP-2860, PUPT-1860, BUHEP-99-9",
    doi = "10.1103/PhysRevLett.83.3370",
    journal = "Phys. Rev. Lett.",
    volume = "83",
    pages = "3370--3373",
    year = "1999"
}

@article{Campbell:1999ah,
    author = "Campbell, John M. and Ellis, R. Keith",
    title = "{An Update on vector boson pair production at hadron colliders}",
    eprint = "hep-ph/9905386",
    archivePrefix = "arXiv",
    reportNumber = "FERMILAB-PUB-99-146-T",
    doi = "10.1103/PhysRevD.60.113006",
    journal = "Phys. Rev. D",
    volume = "60",
    pages = "113006",
    year = "1999"
}

@article{Beneke:1999br,
    author = "Beneke, M. and Buchalla, G. and Neubert, M. and Sachrajda, Christopher T.",
    title = "{QCD factorization for B ---\ensuremath{>} pi pi decays: Strong phases and CP violation in the heavy quark limit}",
    eprint = "hep-ph/9905312",
    archivePrefix = "arXiv",
    reportNumber = "SLAC-PUB-8146, CERN-TH-99-126, SHEP-99-04",
    doi = "10.1103/PhysRevLett.83.1914",
    journal = "Phys. Rev. Lett.",
    volume = "83",
    pages = "1914--1917",
    year = "1999"
}

@article{Lai:1999wy,
    author = "Lai, H. L. and Huston, J. and Kuhlmann, S. and Morfin, J. and Olness, Fredrick I. and Owens, J. F. and Pumplin, J. and Tung, W. K.",
    collaboration = "CTEQ",
    title = "{Global QCD analysis of parton structure of the nucleon: CTEQ5 parton distributions}",
    eprint = "hep-ph/9903282",
    archivePrefix = "arXiv",
    reportNumber = "MSUHEP-903100, FERMILAB-PUB-00-266-E",
    doi = "10.1007/s100529900196",
    journal = "Eur. Phys. J. C",
    volume = "12",
    pages = "375--392",
    year = "2000"
}

@article{Kovchegov:1999yj,
    author = "Kovchegov, Yuri V.",
    title = "{Small x F(2) structure function of a nucleus including multiple pomeron exchanges}",
    eprint = "hep-ph/9901281",
    archivePrefix = "arXiv",
    reportNumber = "NUC-MN-99-1-T, TPI-MINN-99-05",
    doi = "10.1103/PhysRevD.60.034008",
    journal = "Phys. Rev. D",
    volume = "60",
    pages = "034008",
    year = "1999"
}

@article{Coleman:1998ti,
    author = "Coleman, Sidney R. and Glashow, Sheldon L.",
    title = "{High-energy tests of Lorentz invariance}",
    eprint = "hep-ph/9812418",
    archivePrefix = "arXiv",
    reportNumber = "HUTP-98-A082",
    doi = "10.1103/PhysRevD.59.116008",
    journal = "Phys. Rev. D",
    volume = "59",
    pages = "116008",
    year = "1999"
}

@article{Heinemeyer:1998np,
    author = "Heinemeyer, S. and Hollik, W. and Weiglein, G.",
    title = "{The Masses of the neutral CP - even Higgs bosons in the MSSM: Accurate analysis at the two loop level}",
    eprint = "hep-ph/9812472",
    archivePrefix = "arXiv",
    reportNumber = "KA-TP-17-1998, DESY-98-194, CERN-TH-98-405",
    doi = "10.1007/s100529900006",
    journal = "Eur. Phys. J. C",
    volume = "9",
    pages = "343--366",
    year = "1999"
}

@article{Heinemeyer:1998yj,
    author = "Heinemeyer, S. and Hollik, W. and Weiglein, G.",
    title = "{FeynHiggs: A Program for the calculation of the masses of the neutral CP even Higgs bosons in the MSSM}",
    eprint = "hep-ph/9812320",
    archivePrefix = "arXiv",
    reportNumber = "KA-TP-16-1998, DESY-98-193, CERN-TH-98-389",
    doi = "10.1016/S0010-4655(99)00364-1",
    journal = "Comput. Phys. Commun.",
    volume = "124",
    pages = "76--89",
    year = "2000"
}

@article{Han:1998sg,
    author = "Han, Tao and Lykken, Joseph D. and Zhang, Ren-Jie",
    title = "{On Kaluza-Klein states from large extra dimensions}",
    eprint = "hep-ph/9811350",
    archivePrefix = "arXiv",
    reportNumber = "MADPH-98-1092, FERMILAB-PUB-98-364",
    doi = "10.1103/PhysRevD.59.105006",
    journal = "Phys. Rev. D",
    volume = "59",
    pages = "105006",
    year = "1999"
}

@article{Giudice:1998ck,
    author = "Giudice, Gian F. and Rattazzi, Riccardo and Wells, James D.",
    title = "{Quantum gravity and extra dimensions at high-energy colliders}",
    eprint = "hep-ph/9811291",
    archivePrefix = "arXiv",
    reportNumber = "CERN-TH-98-354",
    doi = "10.1016/S0550-3213(99)00044-9",
    journal = "Nucl. Phys. B",
    volume = "544",
    pages = "3--38",
    year = "1999"
}

@article{Giudice:1998xp,
    author = "Giudice, Gian F. and Luty, Markus A. and Murayama, Hitoshi and Rattazzi, Riccardo",
    title = "{Gaugino mass without singlets}",
    eprint = "hep-ph/9810442",
    archivePrefix = "arXiv",
    reportNumber = "CERN-TH-98-337, LBNL-42419, LBL-42419, UCB-PTH-98-50, UMD-PP-99-037",
    doi = "10.1088/1126-6708/1998/12/027",
    journal = "JHEP",
    volume = "12",
    pages = "027",
    year = "1998"
}

@article{Colladay:1998fq,
    author = "Colladay, Don and Kostelecky, V. Alan",
    title = "{Lorentz violating extension of the standard model}",
    eprint = "hep-ph/9809521",
    archivePrefix = "arXiv",
    reportNumber = "IUHET-359",
    doi = "10.1103/PhysRevD.58.116002",
    journal = "Phys. Rev. D",
    volume = "58",
    pages = "116002",
    year = "1998"
}

@article{ArkaniHamed:1998nn,
    author = "Arkani-Hamed, Nima and Dimopoulos, Savas and Dvali, G. R.",
    title = "{Phenomenology, astrophysics and cosmology of theories with submillimeter dimensions and TeV scale quantum gravity}",
    eprint = "hep-ph/9807344",
    archivePrefix = "arXiv",
    reportNumber = "SLAC-PUB-7864, SU-ITP-98-142, IC-98-44",
    doi = "10.1103/PhysRevD.59.086004",
    journal = "Phys. Rev. D",
    volume = "59",
    pages = "086004",
    year = "1999"
}

@article{Hahn:1998yk,
    author = "Hahn, T. and Perez-Victoria, M.",
    title = "{Automatized one loop calculations in four-dimensions and D-dimensions}",
    eprint = "hep-ph/9807565",
    archivePrefix = "arXiv",
    reportNumber = "UG-FT-87-98, KA-TP-7-1998",
    doi = "10.1016/S0010-4655(98)00173-8",
    journal = "Comput. Phys. Commun.",
    volume = "118",
    pages = "153--165",
    year = "1999"
}

@article{Lyth:1998xn,
    author = "Lyth, David H. and Riotto, Antonio",
    title = "{Particle physics models of inflation and the cosmological density perturbation}",
    eprint = "hep-ph/9807278",
    archivePrefix = "arXiv",
    reportNumber = "LANCS-TH-9720, FERMILAB-PUB-97-292-A, CERN-TH-97-383, OUTP-98-39-P",
    doi = "10.1016/S0370-1573(98)00128-8",
    journal = "Phys. Rept.",
    volume = "314",
    pages = "1--146",
    year = "1999"
}

@article{Waxman:1998yy,
    author = "Waxman, Eli and Bahcall, John N.",
    title = "{High-energy neutrinos from astrophysical sources: An Upper bound}",
    eprint = "hep-ph/9807282",
    archivePrefix = "arXiv",
    reportNumber = "IASSNS-AST-98-38",
    doi = "10.1103/PhysRevD.59.023002",
    journal = "Phys. Rev. D",
    volume = "59",
    pages = "023002",
    year = "1999"
}

@article{GolecBiernat:1998js,
    author = "Golec-Biernat, Krzysztof J. and Wusthoff, M.",
    title = "{Saturation effects in deep inelastic scattering at low Q**2 and its implications on diffraction}",
    eprint = "hep-ph/9807513",
    archivePrefix = "arXiv",
    reportNumber = "DTP-98-50",
    doi = "10.1103/PhysRevD.59.014017",
    journal = "Phys. Rev. D",
    volume = "59",
    pages = "014017",
    year = "1998"
}

@article{Gluck:1998xa,
    author = {Gl\"uck, M. and Reya, E. and Vogt, A.},
    title = "{Dynamical parton distributions revisited}",
    eprint = "hep-ph/9806404",
    archivePrefix = "arXiv",
    reportNumber = "DO-TH-98-07, WUE-ITP-98-019",
    doi = "10.1007/s100520050289",
    journal = "Eur. Phys. J. C",
    volume = "5",
    pages = "461--470",
    year = "1998"
}

@article{Stephanov:1998dy,
    author = "Stephanov, Misha A. and Rajagopal, K. and Shuryak, Edward V.",
    title = "{Signatures of the tricritical point in QCD}",
    eprint = "hep-ph/9806219",
    archivePrefix = "arXiv",
    reportNumber = "ITP-SB-98-39, MIT-CTP-2748, SUNY-NTG-98-17",
    doi = "10.1103/PhysRevLett.81.4816",
    journal = "Phys. Rev. Lett.",
    volume = "81",
    pages = "4816--4819",
    year = "1998"
}

@article{Alford:1998mk,
    author = "Alford, Mark G. and Rajagopal, Krishna and Wilczek, Frank",
    title = "{Color flavor locking and chiral symmetry breaking in high density QCD}",
    eprint = "hep-ph/9804403",
    archivePrefix = "arXiv",
    reportNumber = "IASSNS-HEP-98-29, MIT-CTP-2731",
    doi = "10.1016/S0550-3213(98)00668-3",
    journal = "Nucl. Phys. B",
    volume = "537",
    pages = "443--458",
    year = "1999"
}

@article{Antoniadis:1998ig,
    author = "Antoniadis, Ignatios and Arkani-Hamed, Nima and Dimopoulos, Savas and Dvali, G. R.",
    title = "{New dimensions at a millimeter to a Fermi and superstrings at a TeV}",
    eprint = "hep-ph/9804398",
    archivePrefix = "arXiv",
    reportNumber = "SLAC-PUB-7801, SU-ITP-98-28, CPTH-S608-0498, IC-98-39",
    doi = "10.1016/S0370-2693(98)00860-0",
    journal = "Phys. Lett. B",
    volume = "436",
    pages = "257--263",
    year = "1998"
}

@article{ArkaniHamed:1998rs,
    author = "Arkani-Hamed, Nima and Dimopoulos, Savas and Dvali, G. R.",
    title = "{The Hierarchy problem and new dimensions at a millimeter}",
    eprint = "hep-ph/9803315",
    archivePrefix = "arXiv",
    reportNumber = "SLAC-PUB-7769, SU-ITP-98-13",
    doi = "10.1016/S0370-2693(98)00466-3",
    journal = "Phys. Lett. B",
    volume = "429",
    pages = "263--272",
    year = "1998"
}

@article{Fadin:1998py,
    author = "Fadin, Victor S. and Lipatov, L. N.",
    title = "{BFKL pomeron in the next-to-leading approximation}",
    eprint = "hep-ph/9802290",
    archivePrefix = "arXiv",
    reportNumber = "DESY-98-033",
    doi = "10.1016/S0370-2693(98)00473-0",
    journal = "Phys. Lett. B",
    volume = "429",
    pages = "127--134",
    year = "1998"
}

@article{Giudice:1998bp,
    author = "Giudice, G. F. and Rattazzi, R.",
    title = "{Theories with gauge mediated supersymmetry breaking}",
    eprint = "hep-ph/9801271",
    archivePrefix = "arXiv",
    reportNumber = "CERN-TH-97-380",
    doi = "10.1016/S0370-1573(99)00042-3",
    journal = "Phys. Rept.",
    volume = "322",
    pages = "419--499",
    year = "1999"
}

@article{Rapp:1997zu,
    author = {Rapp, R. and Sch\"afer, Thomas and Shuryak, Edward V. and Velkovsky, M.},
    title = "{Diquark Bose condensates in high density matter and instantons}",
    eprint = "hep-ph/9711396",
    archivePrefix = "arXiv",
    reportNumber = "SUNY-NTG-97-30",
    doi = "10.1103/PhysRevLett.81.53",
    journal = "Phys. Rev. Lett.",
    volume = "81",
    pages = "53--56",
    year = "1998"
}

@article{Alford:1997zt,
    author = "Alford, Mark G. and Rajagopal, Krishna and Wilczek, Frank",
    title = "{QCD at finite baryon density: Nucleon droplets and color superconductivity}",
    eprint = "hep-ph/9711395",
    archivePrefix = "arXiv",
    reportNumber = "IASSNS-HEP-97-119, MIT-CTP-2695",
    doi = "10.1016/S0370-2693(98)00051-3",
    journal = "Phys. Lett. B",
    volume = "422",
    pages = "247--256",
    year = "1998"
}

@article{Martin:1997ns,
    author = "Martin, Stephen P.",
    editor = "Kane, Gordon L.",
    title = "{A Supersymmetry primer}",
    eprint = "hep-ph/9709356",
    archivePrefix = "arXiv",
    reportNumber = "FERMILAB-PUB-97-425-T",
    doi = "10.1142/9789812839657_0001",
    journal = "Adv. Ser. Direct. High Energy Phys.",
    volume = "21",
    pages = "1--153",
    year = "2010"
}

@article{Dokshitzer:1997in,
    author = "Dokshitzer, Yuri L. and Leder, G. D. and Moretti, S. and Webber, B. R.",
    title = "{Better jet clustering algorithms}",
    eprint = "hep-ph/9707323",
    archivePrefix = "arXiv",
    reportNumber = "CAVENDISH-HEP-97-06",
    doi = "10.1088/1126-6708/1997/08/001",
    journal = "JHEP",
    volume = "08",
    pages = "001",
    year = "1997"
}

@article{Djouadi:1997yw,
    author = "Djouadi, A. and Kalinowski, J. and Spira, M.",
    title = "{HDECAY: A Program for Higgs boson decays in the standard model and its supersymmetric extension}",
    eprint = "hep-ph/9704448",
    archivePrefix = "arXiv",
    reportNumber = "DESY-97-079, IFT-96-29, PM-97-04",
    doi = "10.1016/S0010-4655(97)00123-9",
    journal = "Comput. Phys. Commun.",
    volume = "108",
    pages = "56--74",
    year = "1998"
}

@article{Brodsky:1997de,
    author = "Brodsky, Stanley J. and Pauli, Hans-Christian and Pinsky, Stephen S.",
    title = "{Quantum chromodynamics and other field theories on the light cone}",
    eprint = "hep-ph/9705477",
    archivePrefix = "arXiv",
    reportNumber = "SLAC-PUB-7484, MPIH-V1-1997",
    doi = "10.1016/S0370-1573(97)00089-6",
    journal = "Phys. Rept.",
    volume = "301",
    pages = "299--486",
    year = "1998"
}

@article{Kofman:1997yn,
    author = "Kofman, Lev and Linde, Andrei D. and Starobinsky, Alexei A.",
    title = "{Towards the theory of reheating after inflation}",
    eprint = "hep-ph/9704452",
    archivePrefix = "arXiv",
    reportNumber = "IFA-97-28, SU-ITP-97-18",
    doi = "10.1103/PhysRevD.56.3258",
    journal = "Phys. Rev. D",
    volume = "56",
    pages = "3258--3295",
    year = "1997"
}

@article{Radyushkin:1997ki,
    author = "Radyushkin, A. V.",
    title = "{Nonforward parton distributions}",
    eprint = "hep-ph/9704207",
    archivePrefix = "arXiv",
    reportNumber = "JLAB-THY-97-10",
    doi = "10.1103/PhysRevD.56.5524",
    journal = "Phys. Rev. D",
    volume = "56",
    pages = "5524--5557",
    year = "1997"
}

@article{vanRitbergen:1997va,
    author = "van Ritbergen, T. and Vermaseren, J. A. M. and Larin, S. A.",
    title = "{The Four loop beta function in quantum chromodynamics}",
    eprint = "hep-ph/9701390",
    archivePrefix = "arXiv",
    reportNumber = "UM-TH-97-01, NIKHEF-97-001",
    doi = "10.1016/S0370-2693(97)00370-5",
    journal = "Phys. Lett. B",
    volume = "400",
    pages = "379--384",
    year = "1997"
}

@article{Colladay:1996iz,
    author = "Colladay, Don and Kostelecky, V. Alan",
    title = "{CPT violation and the standard model}",
    eprint = "hep-ph/9703464",
    archivePrefix = "arXiv",
    reportNumber = "IUHET-354",
    doi = "10.1103/PhysRevD.55.6760",
    journal = "Phys. Rev. D",
    volume = "55",
    pages = "6760--6774",
    year = "1997"
}

@article{Beenakker:1996ch,
    author = "Beenakker, W. and Hopker, R. and Spira, M. and Zerwas, P. M.",
    title = "{Squark and gluino production at hadron colliders}",
    eprint = "hep-ph/9610490",
    archivePrefix = "arXiv",
    reportNumber = "DESY-96-150, CERN-TH-96-215",
    doi = "10.1016/S0550-3213(97)80027-2",
    journal = "Nucl. Phys. B",
    volume = "492",
    pages = "51--103",
    year = "1997"
}

@article{Schafer:1996wv,
    author = {Sch\"afer, Thomas and Shuryak, Edward V.},
    title = "{Instantons in QCD}",
    eprint = "hep-ph/9610451",
    archivePrefix = "arXiv",
    reportNumber = "DOE-ER-40561-293, INT-96-00-150",
    doi = "10.1103/RevModPhys.70.323",
    journal = "Rev. Mod. Phys.",
    volume = "70",
    pages = "323--426",
    year = "1998"
}

@article{Ji:1996nm,
    author = "Ji, Xiang-Dong",
    title = "{Deeply virtual Compton scattering}",
    eprint = "hep-ph/9609381",
    archivePrefix = "arXiv",
    reportNumber = "UMD-PP-97-26, MIT-CTP-2568",
    doi = "10.1103/PhysRevD.55.7114",
    journal = "Phys. Rev. D",
    volume = "55",
    pages = "7114--7125",
    year = "1997"
}

@article{Baier:1996sk,
    author = "Baier, R. and Dokshitzer, Yuri L. and Mueller, Alfred H. and Peigne, S. and Schiff, D.",
    title = "{Radiative energy loss and p(T) broadening of high-energy partons in nuclei}",
    eprint = "hep-ph/9608322",
    archivePrefix = "arXiv",
    reportNumber = "CU-TP-760, BI-TP-96-26, LPTHE-ORSAY-96-61",
    doi = "10.1016/S0550-3213(96)00581-0",
    journal = "Nucl. Phys. B",
    volume = "484",
    pages = "265--282",
    year = "1997"
}

@article{Lai:1996mg,
    author = "Lai, H. L. and Huston, J. and Kuhlmann, S. and Olness, Fredrick I. and Owens, Joseph F. and Soper, D. E. and Tung, W. K. and Weerts, H.",
    title = "{Improved parton distributions from global analysis of recent deep inelastic scattering and inclusive jet data}",
    eprint = "hep-ph/9606399",
    archivePrefix = "arXiv",
    reportNumber = "MSUHEP-60426, CTEQ-604",
    doi = "10.1103/PhysRevD.55.1280",
    journal = "Phys. Rev. D",
    volume = "55",
    pages = "1280--1296",
    year = "1997"
}

@article{Pierce:1996zz,
    author = "Pierce, Damien M. and Bagger, Jonathan A. and Matchev, Konstantin T. and Zhang, Ren-jie",
    title = "{Precision corrections in the minimal supersymmetric standard model}",
    eprint = "hep-ph/9606211",
    archivePrefix = "arXiv",
    reportNumber = "SLAC-PUB-7180, JHU-TIPAC-96011",
    doi = "10.1016/S0550-3213(96)00683-9",
    journal = "Nucl. Phys. B",
    volume = "491",
    pages = "3--67",
    year = "1997"
}

@article{Catani:1996vz,
    author = "Catani, S. and Seymour, M. H.",
    title = "{A General algorithm for calculating jet cross-sections in NLO QCD}",
    eprint = "hep-ph/9605323",
    archivePrefix = "arXiv",
    reportNumber = "CERN-TH-96-029, CERN-TH-96-29",
    doi = "10.1016/S0550-3213(96)00589-5",
    journal = "Nucl. Phys. B",
    volume = "485",
    pages = "291--419",
    year = "1997",
    note = "[Erratum: Nucl.Phys.B 510, 503--504 (1998)]"
}

@article{Gabbiani:1996hi,
    author = "Gabbiani, F. and Gabrielli, E. and Masiero, A. and Silvestrini, L.",
    title = "{A Complete analysis of FCNC and CP constraints in general SUSY extensions of the standard model}",
    eprint = "hep-ph/9604387",
    archivePrefix = "arXiv",
    reportNumber = "ROM2F-96-21",
    doi = "10.1016/0550-3213(96)00390-2",
    journal = "Nucl. Phys. B",
    volume = "477",
    pages = "321--352",
    year = "1996"
}

@article{Butterworth:1996zw,
    author = "Butterworth, J. M. and Forshaw, Jeffrey R. and Seymour, M. H.",
    title = "{Multiparton interactions in photoproduction at HERA}",
    eprint = "hep-ph/9601371",
    archivePrefix = "arXiv",
    reportNumber = "CERN-TH-96-82, M-C-TH-96-05, UCL-HEP-96-02",
    doi = "10.1007/s002880050286",
    journal = "Z. Phys. C",
    volume = "72",
    pages = "637--646",
    year = "1996"
}

@article{Buchalla:1995vs,
    author = "Buchalla, Gerhard and Buras, Andrzej J. and Lautenbacher, Markus E.",
    title = "{Weak decays beyond leading logarithms}",
    eprint = "hep-ph/9512380",
    archivePrefix = "arXiv",
    reportNumber = "SLAC-PUB-7009, SLAC-PUB-95-7009, MPI-PH-95-104, TUM-T31-100-95, FERMILAB-PUB-95-305-T",
    doi = "10.1103/RevModPhys.68.1125",
    journal = "Rev. Mod. Phys.",
    volume = "68",
    pages = "1125--1144",
    year = "1996"
}

@article{Balitsky:1995ub,
    author = "Balitsky, I.",
    title = "{Operator expansion for high-energy scattering}",
    eprint = "hep-ph/9509348",
    archivePrefix = "arXiv",
    reportNumber = "MIT-CTP-2470",
    doi = "10.1016/0550-3213(95)00638-9",
    journal = "Nucl. Phys. B",
    volume = "463",
    pages = "99--160",
    year = "1996"
}

@article{Dine:1995ag,
    author = "Dine, Michael and Nelson, Ann E. and Nir, Yosef and Shirman, Yuri",
    title = "{New tools for low-energy dynamical supersymmetry breaking}",
    eprint = "hep-ph/9507378",
    archivePrefix = "arXiv",
    reportNumber = "SCIPP-95-32, UW-PT-95-08, WIS-95-29-JUL-PH",
    doi = "10.1103/PhysRevD.53.2658",
    journal = "Phys. Rev. D",
    volume = "53",
    pages = "2658--2669",
    year = "1996"
}

@article{Jungman:1995df,
    author = "Jungman, Gerard and Kamionkowski, Marc and Griest, Kim",
    title = "{Supersymmetric dark matter}",
    eprint = "hep-ph/9506380",
    archivePrefix = "arXiv",
    reportNumber = "SU-4240-605, UCSD-PTH-95-02, IASSNS-HEP-95-14, CU-TP-677",
    doi = "10.1016/0370-1573(95)00058-5",
    journal = "Phys. Rept.",
    volume = "267",
    pages = "195--373",
    year = "1996"
}

@article{Spira:1995rr,
    author = "Spira, M. and Djouadi, A. and Graudenz, D. and Zerwas, P. M.",
    title = "{Higgs boson production at the LHC}",
    eprint = "hep-ph/9504378",
    archivePrefix = "arXiv",
    reportNumber = "DESY-94-123, UDEM-GPP-TH-95-16, CERN-TH-95-30, CERN-TH-95-030",
    doi = "10.1016/0550-3213(95)00379-7",
    journal = "Nucl. Phys. B",
    volume = "453",
    pages = "17--82",
    year = "1995"
}

@article{Bernard:1995dp,
    author = "Bernard, V. and Kaiser, Norbert and Meissner, Ulf-G.",
    title = "{Chiral dynamics in nucleons and nuclei}",
    eprint = "hep-ph/9501384",
    archivePrefix = "arXiv",
    reportNumber = "CRN-95-3, TK-95-1",
    doi = "10.1142/S0218301395000092",
    journal = "Int. J. Mod. Phys. E",
    volume = "4",
    pages = "193--346",
    year = "1995"
}

@article{Dine:1994vc,
    author = "Dine, Michael and Nelson, Ann E. and Shirman, Yuri",
    title = "{Low-energy dynamical supersymmetry breaking simplified}",
    eprint = "hep-ph/9408384",
    archivePrefix = "arXiv",
    reportNumber = "SCIPP-94-21, UW-PT-94-07",
    doi = "10.1103/PhysRevD.51.1362",
    journal = "Phys. Rev. D",
    volume = "51",
    pages = "1362--1370",
    year = "1995"
}

@article{Bodwin:1994jh,
    author = "Bodwin, Geoffrey T. and Braaten, Eric and Lepage, G. Peter",
    title = "{Rigorous QCD analysis of inclusive annihilation and production of heavy quarkonium}",
    eprint = "hep-ph/9407339",
    archivePrefix = "arXiv",
    reportNumber = "ANL-HEP-PR-94-24, FERMILAB-PUB-94-073-T, NUHEP-TH-94-5",
    doi = "10.1103/PhysRevD.55.5853",
    journal = "Phys. Rev. D",
    volume = "51",
    pages = "1125--1171",
    year = "1995",
    note = "[Erratum: Phys.Rev.D 55, 5853 (1997)]"
}

@article{Roberts:1994dr,
    author = "Roberts, Craig D. and Williams, Anthony G.",
    title = "{Dyson-Schwinger equations and their application to hadronic physics}",
    eprint = "hep-ph/9403224",
    archivePrefix = "arXiv",
    reportNumber = "ADP-93-225-T-142, ANL-PHY-7668-TH-93",
    doi = "10.1016/0146-6410(94)90049-3",
    journal = "Prog. Part. Nucl. Phys.",
    volume = "33",
    pages = "477--575",
    year = "1994"
}

@article{Bern:1994zx,
    author = "Bern, Zvi and Dixon, Lance J. and Dunbar, David C. and Kosower, David A.",
    title = "{One loop n point gauge theory amplitudes, unitarity and collinear limits}",
    eprint = "hep-ph/9403226",
    archivePrefix = "arXiv",
    reportNumber = "SLAC-PUB-6415, SACLAY-SPH-T-94-20, UCLA-TEP-94-4, SWAT-94-17",
    doi = "10.1016/0550-3213(94)90179-1",
    journal = "Nucl. Phys. B",
    volume = "425",
    pages = "217--260",
    year = "1994"
}

@article{McLerran:1994vd,
    author = "McLerran, Larry D. and Venugopalan, Raju",
    title = "{Green's functions in the color field of a large nucleus}",
    eprint = "hep-ph/9402335",
    archivePrefix = "arXiv",
    reportNumber = "TPI-MINN-94-7-T, NUC-MINN-94-2-T, HEP-MINN-94-1242-T",
    doi = "10.1103/PhysRevD.50.2225",
    journal = "Phys. Rev. D",
    volume = "50",
    pages = "2225--2233",
    year = "1994"
}

@article{Hatsuda:1994pi,
    author = "Hatsuda, Tetsuo and Kunihiro, Teiji",
    title = "{QCD phenomenology based on a chiral effective Lagrangian}",
    eprint = "hep-ph/9401310",
    archivePrefix = "arXiv",
    reportNumber = "UTHEP-270, RYUTHP-94-1",
    doi = "10.1016/0370-1573(94)90022-1",
    journal = "Phys. Rept.",
    volume = "247",
    pages = "221--367",
    year = "1994"
}

@article{McLerran:1993ka,
    author = "McLerran, Larry D. and Venugopalan, Raju",
    title = "{Gluon distribution functions for very large nuclei at small transverse momentum}",
    eprint = "hep-ph/9311205",
    archivePrefix = "arXiv",
    reportNumber = "TPI-MINN-93-52-T, NUC-MINN-93-28-T, UMN-TH-1224-93",
    doi = "10.1103/PhysRevD.49.3352",
    journal = "Phys. Rev. D",
    volume = "49",
    pages = "3352--3355",
    year = "1994"
}

@article{McLerran:1993ni,
    author = "McLerran, Larry D. and Venugopalan, Raju",
    title = "{Computing quark and gluon distribution functions for very large nuclei}",
    eprint = "hep-ph/9309289",
    archivePrefix = "arXiv",
    reportNumber = "TPI-MINN-93-44-T, NUC-MINN-93-24-T, HEP-UMN-TH-1220-93",
    doi = "10.1103/PhysRevD.49.2233",
    journal = "Phys. Rev. D",
    volume = "49",
    pages = "2233--2241",
    year = "1994"
}

@article{Neubert:1993mb,
    author = "Neubert, Matthias",
    title = "{Heavy quark symmetry}",
    eprint = "hep-ph/9306320",
    archivePrefix = "arXiv",
    reportNumber = "SLAC-PUB-6263",
    doi = "10.1016/0370-1573(94)90091-4",
    journal = "Phys. Rept.",
    volume = "245",
    pages = "259--396",
    year = "1994"
}

@article{Ellis:1993tq,
    author = "Ellis, Stephen D. and Soper, Davison E.",
    title = "{Successive combination jet algorithm for hadron collisions}",
    eprint = "hep-ph/9305266",
    archivePrefix = "arXiv",
    reportNumber = "CERN-TH-6860-93",
    doi = "10.1103/PhysRevD.48.3160",
    journal = "Phys. Rev. D",
    volume = "48",
    pages = "3160--3166",
    year = "1993"
}

@article{Dine:1993yw,
    author = "Dine, Michael and Nelson, Ann E.",
    title = "{Dynamical supersymmetry breaking at low-energies}",
    eprint = "hep-ph/9303230",
    archivePrefix = "arXiv",
    reportNumber = "SCIPP-93-03, UCSD-PTH-93-05",
    doi = "10.1103/PhysRevD.48.1277",
    journal = "Phys. Rev. D",
    volume = "48",
    pages = "1277--1287",
    year = "1993"
}

@article{Dodelson:1993je,
    author = "Dodelson, Scott and Widrow, Lawrence M.",
    title = "{Sterile-neutrinos as dark matter}",
    eprint = "hep-ph/9303287",
    archivePrefix = "arXiv",
    reportNumber = "FERMILAB-PUB-93-057-A",
    doi = "10.1103/PhysRevLett.72.17",
    journal = "Phys. Rev. Lett.",
    volume = "72",
    pages = "17--20",
    year = "1994"
}

@article{Donnachie:1992ny,
    author = "Donnachie, A. and Landshoff, P. V.",
    title = "{Total cross-sections}",
    eprint = "hep-ph/9209205",
    archivePrefix = "arXiv",
    reportNumber = "CERN-TH-6635-92",
    doi = "10.1016/0370-2693(92)90832-O",
    journal = "Phys. Lett. B",
    volume = "296",
    pages = "227--232",
    year = "1992"
}

@article{Collins:1992kk,
    author = "Collins, John C.",
    title = "{Fragmentation of transversely polarized quarks probed in transverse momentum distributions}",
    eprint = "hep-ph/9208213",
    archivePrefix = "arXiv",
    reportNumber = "PSU-TH-102",
    doi = "10.1016/0550-3213(93)90262-N",
    journal = "Nucl. Phys. B",
    volume = "396",
    pages = "161--182",
    year = "1993"
}

@article{Catani:1991hj,
    author = "Catani, S. and Dokshitzer, Yuri L. and Olsson, M. and Turnock, G. and Webber, B. R.",
    title = "{New clustering algorithm for multi - jet cross-sections in e+ e- annihilation}",
    reportNumber = "CAVENDISH-HEP-91-5",
    doi = "10.1016/0370-2693(91)90196-W",
    journal = "Phys. Lett. B",
    volume = "269",
    pages = "432--438",
    year = "1991"
}

@article{Wang:1991hta,
    author = "Wang, Xin-Nian and Gyulassy, Miklos",
    title = "{HIJING: A Monte Carlo model for multiple jet production in p p, p A and A A collisions}",
    reportNumber = "LBL-31036",
    doi = "10.1103/PhysRevD.44.3501",
    journal = "Phys. Rev. D",
    volume = "44",
    pages = "3501--3516",
    year = "1991"
}

@article{Marchesini:1991ch,
    author = "Marchesini, G. and Webber, B. R. and Abbiendi, G. and Knowles, I. G. and Seymour, M. H. and Stanco, L.",
    title = "{HERWIG: A Monte Carlo event generator for simulating hadron emission reactions with interfering gluons. Version 5.1 - April 1991}",
    reportNumber = "CAVENDISH-HEP-91-26, DESY-91-048",
    doi = "10.1016/0010-4655(92)90055-4",
    journal = "Comput. Phys. Commun.",
    volume = "67",
    pages = "465--508",
    year = "1992"
}

@article{Weinberg:1991um,
    author = "Weinberg, Steven",
    title = "{Effective chiral Lagrangians for nucleon - pion interactions and nuclear forces}",
    reportNumber = "UTTG-03-91",
    doi = "10.1016/0550-3213(91)90231-L",
    journal = "Nucl. Phys. B",
    volume = "363",
    pages = "3--18",
    year = "1991"
}

@article{Gronau:1991dp,
    author = "Gronau, Michael and Wyler, Daniel",
    title = "{On determining a weak phase from CP asymmetries in charged B decays}",
    reportNumber = "TECHNION-PH-91-14, ZU-TH-6-91",
    doi = "10.1016/0370-2693(91)90034-N",
    journal = "Phys. Lett. B",
    volume = "265",
    pages = "172--176",
    year = "1991"
}

@article{Djouadi:1991tka,
    author = "Djouadi, A. and Spira, M. and Zerwas, P. M.",
    title = "{Production of Higgs bosons in proton colliders: QCD corrections}",
    reportNumber = "PITHA-91-6",
    doi = "10.1016/0370-2693(91)90375-Z",
    journal = "Phys. Lett. B",
    volume = "264",
    pages = "440--446",
    year = "1991"
}

@article{Amaldi:1991cn,
    author = "Amaldi, Ugo and de Boer, Wim and Furstenau, Hermann",
    title = "{Comparison of grand unified theories with electroweak and strong coupling constants measured at LEP}",
    reportNumber = "CERN-PPE-91-44, IEKP-KA-91-01",
    doi = "10.1016/0370-2693(91)91641-8",
    journal = "Phys. Lett. B",
    volume = "260",
    pages = "447--455",
    year = "1991"
}

@article{Brown:1991kk,
    author = "Brown, G. E. and Rho, Mannque",
    title = "{Scaling effective Lagrangians in a dense medium}",
    doi = "10.1103/PhysRevLett.66.2720",
    journal = "Phys. Rev. Lett.",
    volume = "66",
    pages = "2720--2723",
    year = "1991"
}

@article{Catani:1990eg,
    author = "Catani, S. and Ciafaloni, M. and Hautmann, F.",
    title = "{High-energy factorization and small x heavy flavor production}",
    reportNumber = "CAVENDISH-HEP-90-27",
    doi = "10.1016/0550-3213(91)90055-3",
    journal = "Nucl. Phys. B",
    volume = "366",
    pages = "135--188",
    year = "1991"
}

@article{Jenkins:1990jv,
    author = "Jenkins, Elizabeth Ellen and Manohar, Aneesh V.",
    title = "{Baryon chiral perturbation theory using a heavy fermion Lagrangian}",
    reportNumber = "UCSD-PTH-90-23",
    doi = "10.1016/0370-2693(91)90266-S",
    journal = "Phys. Lett. B",
    volume = "255",
    pages = "558--562",
    year = "1991"
}

@article{Luscher:1990ux,
    author = "Luscher, Martin",
    title = "{Two particle states on a torus and their relation to the scattering matrix}",
    reportNumber = "DESY-90-131",
    doi = "10.1016/0550-3213(91)90366-6",
    journal = "Nucl. Phys. B",
    volume = "354",
    pages = "531--578",
    year = "1991"
}

@article{Hamberg:1990np,
    author = "Hamberg, R. and van Neerven, W. L. and Matsuura, T.",
    title = "{A complete calculation of the order $\alpha-s^{2}$ correction to the Drell-Yan $K$ factor}",
    reportNumber = "DESY-90-129",
    doi = "10.1016/0550-3213(91)90064-5",
    journal = "Nucl. Phys. B",
    volume = "359",
    pages = "343--405",
    year = "1991",
    note = "[Erratum: Nucl.Phys.B 644, 403--404 (2002)]"
}

@article{Peskin:1990zt,
    author = "Peskin, Michael E. and Takeuchi, Tatsu",
    title = "{A New constraint on a strongly interacting Higgs sector}",
    reportNumber = "SLAC-PUB-5272",
    doi = "10.1103/PhysRevLett.65.964",
    journal = "Phys. Rev. Lett.",
    volume = "65",
    pages = "964--967",
    year = "1990"
}

@article{Isgur:1989ed,
    author = "Isgur, Nathan and Wise, Mark B.",
    title = "{WEAK TRANSITION FORM-FACTORS BETWEEN HEAVY MESONS}",
    reportNumber = "UTPT-90-01, CALT-68-1608",
    doi = "10.1016/0370-2693(90)91219-2",
    journal = "Phys. Lett. B",
    volume = "237",
    pages = "527--530",
    year = "1990"
}

@article{Georgi:1990um,
    author = "Georgi, Howard",
    title = "{An Effective Field Theory for Heavy Quarks at Low-energies}",
    reportNumber = "HUTP-90/A007",
    doi = "10.1016/0370-2693(90)91128-X",
    journal = "Phys. Lett. B",
    volume = "240",
    pages = "447--450",
    year = "1990"
}

@article{Isgur:1989vq,
    author = "Isgur, Nathan and Wise, Mark B.",
    title = "{Weak Decays of Heavy Mesons in the Static Quark Approximation}",
    reportNumber = "UTPT-89-27, CALT-68-1585",
    doi = "10.1016/0370-2693(89)90566-2",
    journal = "Phys. Lett. B",
    volume = "232",
    pages = "113--117",
    year = "1989"
}

@article{Eichten:1989zv,
    author = "Eichten, Estia and Hill, Brian Russell",
    title = "{An Effective Field Theory for the Calculation of Matrix Elements Involving Heavy Quarks}",
    reportNumber = "FERMILAB-PUB-89-184-T",
    doi = "10.1016/0370-2693(90)92049-O",
    journal = "Phys. Lett. B",
    volume = "234",
    pages = "511--516",
    year = "1990"
}

@article{Carroll:1989vb,
    author = "Carroll, Sean M. and Field, George B. and Jackiw, Roman",
    title = "{Limits on a Lorentz and Parity Violating Modification of Electrodynamics}",
    reportNumber = "MIT-CTP-1782",
    doi = "10.1103/PhysRevD.41.1231",
    journal = "Phys. Rev. D",
    volume = "41",
    pages = "1231",
    year = "1990"
}

@article{Braaten:1989mz,
    author = "Braaten, Eric and Pisarski, Robert D.",
    title = "{Soft Amplitudes in Hot Gauge Theories: A General Analysis}",
    reportNumber = "BNL-43293, FERMILAB-PUB-89-152-T, NUHEP-TH-89-7",
    doi = "10.1016/0550-3213(90)90508-B",
    journal = "Nucl. Phys. B",
    volume = "337",
    pages = "569--634",
    year = "1990"
}

@article{Bardeen:1989ds,
    author = "Bardeen, William A. and Hill, Christopher T. and Lindner, Manfred",
    title = "{Minimal Dynamical Symmetry Breaking of the Standard Model}",
    reportNumber = "FERMILAB-PUB-89-127-T",
    doi = "10.1103/PhysRevD.41.1647",
    journal = "Phys. Rev. D",
    volume = "41",
    pages = "1647",
    year = "1990"
}

@book{Gunion:1989we,
    author = "Gunion, John F. and Haber, Howard E. and Kane, Gordon L. and Dawson, Sally",
    title = "{The Higgs Hunter's Guide}",
    reportNumber = "SCIPP-89/13, UCD-89-4, BNL-41644",
    volume = "80",
    year = "2000"
}

@article{Collins:1989gx,
    author = "Collins, John C. and Soper, Davison E. and Sterman, George F.",
    title = "{Factorization of Hard Processes in QCD}",
    eprint = "hep-ph/0409313",
    archivePrefix = "arXiv",
    reportNumber = "ITP-SB-89-31",
    doi = "10.1142/9789814503266_0001",
    journal = "Adv. Ser. Direct. High Energy Phys.",
    volume = "5",
    pages = "1--91",
    year = "1989"
}

@article{Nason:1989zy,
    author = "Nason, P. and Dawson, S. and Ellis, R. Keith",
    title = "{The One Particle Inclusive Differential Cross-Section for Heavy Quark Production in Hadronic Collisions}",
    reportNumber = "ETH-PT-89-2, FERMILAB-PUB-89-091-T, BNL-42398",
    doi = "10.1016/0550-3213(89)90286-1",
    journal = "Nucl. Phys. B",
    volume = "327",
    pages = "49--92",
    year = "1989",
    note = "[Erratum: Nucl.Phys.B 335, 260--260 (1990)]"
}

@article{Sivers:1989cc,
    author = "Sivers, Dennis W.",
    title = "{Single Spin Production Asymmetries from the Hard Scattering of Point-Like Constituents}",
    reportNumber = "ANL-HEP-PR-89-32",
    doi = "10.1103/PhysRevD.41.83",
    journal = "Phys. Rev. D",
    volume = "41",
    pages = "83",
    year = "1990"
}

@article{Hewett:1988xc,
    author = "Hewett, JoAnne L. and Rizzo, Thomas G.",
    title = "{Low-Energy Phenomenology of Superstring Inspired E(6) Models}",
    reportNumber = "MAD-PH-446, IS-J-3005",
    doi = "10.1016/0370-1573(89)90071-9",
    journal = "Phys. Rept.",
    volume = "183",
    pages = "193",
    year = "1989"
}

@article{Isgur:1988gb,
    author = "Isgur, Nathan and Scora, Daryl and Grinstein, Benjamin and Wise, Mark B.",
    title = "{Semileptonic B and D Decays in the Quark Model}",
    reportNumber = "UTPT-88-12",
    doi = "10.1103/PhysRevD.39.799",
    journal = "Phys. Rev. D",
    volume = "39",
    pages = "799--818",
    year = "1989"
}

@article{Bando:1987br,
    author = "Bando, Masako and Kugo, Taichiro and Yamawaki, Koichi",
    title = "{Nonlinear Realization and Hidden Local Symmetries}",
    reportNumber = "DPNU-87-63, AICHI-1, KUNS-903",
    doi = "10.1016/0370-1573(88)90019-1",
    journal = "Phys. Rept.",
    volume = "164",
    pages = "217--314",
    year = "1988"
}

@article{Nason:1987xz,
    author = "Nason, P. and Dawson, S. and Ellis, R. Keith",
    title = "{The Total Cross-Section for the Production of Heavy Quarks in Hadronic Collisions}",
    reportNumber = "FERMILAB-PUB-87-222-T, BNL-40718",
    doi = "10.1016/0550-3213(88)90422-1",
    journal = "Nucl. Phys. B",
    volume = "303",
    pages = "607--633",
    year = "1988"
}

@article{Marchesini:1987cf,
    author = "Marchesini, G. and Webber, B. R.",
    title = "{Monte Carlo Simulation of General Hard Processes with Coherent QCD Radiation}",
    reportNumber = "CAVENDISH-HEP-87-8, UPRF-87-212",
    doi = "10.1016/0550-3213(88)90089-2",
    journal = "Nucl. Phys. B",
    volume = "310",
    pages = "461--526",
    year = "1988"
}

@article{Barbieri:1987fn,
    author = "Barbieri, Riccardo and Giudice, G. F.",
    title = "{Upper Bounds on Supersymmetric Particle Masses}",
    reportNumber = "CERN-TH-4825/87",
    doi = "10.1016/0550-3213(88)90171-X",
    journal = "Nucl. Phys. B",
    volume = "306",
    pages = "63--76",
    year = "1988"
}

@article{Amaldi:1987fu,
    author = "Amaldi, Ugo and Bohm, Albrecht and Durkin, L. S. and Langacker, Paul and Mann, Alfred K. and Marciano, William J. and Sirlin, Alberto and Williams, H. H.",
    title = "{A Comprehensive Analysis of Data Pertaining to the Weak Neutral Current and the Intermediate Vector Boson Masses}",
    reportNumber = "UPR-0331T, CERN-EP-87-93",
    doi = "10.1103/PhysRevD.36.1385",
    journal = "Phys. Rev. D",
    volume = "36",
    pages = "1385",
    year = "1987"
}

@article{Bengtsson:1987kr,
    author = "Bengtsson, Hans-Uno and Sjostrand, Torbjorn",
    title = "{The Lund Monte Carlo for Hadronic Processes: Pythia Version 4.8}",
    reportNumber = "LU-TP-87-3, UCLA-87-001",
    doi = "10.1016/0010-4655(87)90036-1",
    journal = "Comput. Phys. Commun.",
    volume = "46",
    pages = "43",
    year = "1987"
}

@article{Machleidt:1987hj,
    author = "Machleidt, R. and Holinde, K. and Elster, C.",
    title = "{The Bonn Meson Exchange Model for the Nucleon Nucleon Interaction}",
    doi = "10.1016/S0370-1573(87)80002-9",
    journal = "Phys. Rept.",
    volume = "149",
    pages = "1--89",
    year = "1987"
}

@article{Kim:1986ax,
    author = "Kim, Jihn E.",
    title = "{Light Pseudoscalars, Particle Physics and Cosmology}",
    reportNumber = "SNUHE-86-09",
    doi = "10.1016/0370-1573(87)90017-2",
    journal = "Phys. Rept.",
    volume = "150",
    pages = "1--177",
    year = "1987"
}

@article{Bauer:1986bm,
    author = "Bauer, Manfred and Stech, B. and Wirbel, M.",
    title = "{Exclusive Nonleptonic Decays of D, D(s), and B Mesons}",
    reportNumber = "HD-THEP-86-19, DO-THEP-86-21",
    doi = "10.1007/BF01561122",
    journal = "Z. Phys. C",
    volume = "34",
    pages = "103",
    year = "1987"
}

@article{Sjostrand:1986hx,
    author = "Sjostrand, Torbjorn and Bengtsson, Mats",
    title = "{The Lund Monte Carlo for Jet Fragmentation and e+ e- Physics. Jetset Version 6.3: An Update}",
    reportNumber = "LU-TP-86-22",
    doi = "10.1016/0010-4655(87)90054-3",
    journal = "Comput. Phys. Commun.",
    volume = "43",
    pages = "367",
    year = "1987"
}

@article{Matsui:1986dk,
    author = "Matsui, T. and Satz, H.",
    title = "{$J/\psi$ Suppression by Quark-Gluon Plasma Formation}",
    reportNumber = "BNL-38344",
    doi = "10.1016/0370-2693(86)91404-8",
    journal = "Phys. Lett. B",
    volume = "178",
    pages = "416--422",
    year = "1986"
}

@article{Hagiwara:1986vm,
    author = "Hagiwara, Kaoru and Peccei, R. D. and Zeppenfeld, D. and Hikasa, K.",
    title = "{Probing the Weak Boson Sector in e+ e- ---\ensuremath{>} W+ W-}",
    reportNumber = "MAD/PH/279, DESY-86-058",
    doi = "10.1016/0550-3213(87)90685-7",
    journal = "Nucl. Phys. B",
    volume = "282",
    pages = "253--307",
    year = "1987"
}

@article{Mohapatra:1986bd,
    author = "Mohapatra, R. N. and Valle, J. W. F.",
    title = "{Neutrino Mass and Baryon Number Nonconservation in Superstring Models}",
    reportNumber = "MdDP-PP-86-127",
    doi = "10.1103/PhysRevD.34.1642",
    journal = "Phys. Rev. D",
    volume = "34",
    pages = "1642",
    year = "1986"
}

@article{Koch:1986ud,
    author = "Koch, P. and Muller, Berndt and Rafelski, Johann",
    title = "{Strangeness in Relativistic Heavy Ion Collisions}",
    reportNumber = "GSI-86-7, UCT-TP-41-86, UCT-TP-29-1985",
    doi = "10.1016/0370-1573(86)90096-7",
    journal = "Phys. Rept.",
    volume = "142",
    pages = "167--262",
    year = "1986"
}

@article{Mikheev:1986wj,
    author = "Mikheev, S. P. and Smirnov, A. Yu.",
    title = "{Resonant amplification of neutrino oscillations in matter and solar neutrino spectroscopy}",
    doi = "10.1007/BF02508049",
    journal = "Nuovo Cim. C",
    volume = "9",
    pages = "17--26",
    year = "1986"
}

@article{Sjostrand:1985ys,
    author = "Sjostrand, Torbjorn",
    title = "{The Lund Monte Carlo for Jet Fragmentation and e+ e- Physics: Jetset Version 6.2}",
    reportNumber = "LU-TP-85-10",
    doi = "10.1016/0010-4655(86)90096-2",
    journal = "Comput. Phys. Commun.",
    volume = "39",
    pages = "347--407",
    year = "1986"
}

@article{Mueller:1985wy,
    author = "Mueller, Alfred H. and Qiu, Jian-wei",
    title = "{Gluon Recombination and Shadowing at Small Values of x}",
    reportNumber = "CU-TP-322",
    doi = "10.1016/0550-3213(86)90164-1",
    journal = "Nucl. Phys. B",
    volume = "268",
    pages = "427--452",
    year = "1986"
}

@article{Wirbel:1985ji,
    author = "Wirbel, M. and Stech, B. and Bauer, Manfred",
    title = "{Exclusive Semileptonic Decays of Heavy Mesons}",
    reportNumber = "HD-THEP-85-19",
    doi = "10.1007/BF01560299",
    journal = "Z. Phys. C",
    volume = "29",
    pages = "637",
    year = "1985"
}

@article{Capstick:1986bm,
    author = "Capstick, Simon and Isgur, Nathan",
    editor = "Oneda, S.",
    title = "{Baryons in a Relativized Quark Model with Chromodynamics}",
    reportNumber = "UTPT-85-34",
    doi = "10.1103/PhysRevD.34.2809",
    journal = "AIP Conf. Proc.",
    volume = "132",
    pages = "267--271",
    year = "1985"
}

@article{Jarlskog:1985ht,
    author = "Jarlskog, C.",
    title = "{Commutator of the Quark Mass Matrices in the Standard Electroweak Model and a Measure of Maximal CP Violation}",
    reportNumber = "USIP-85-14",
    doi = "10.1103/PhysRevLett.55.1039",
    journal = "Phys. Rev. Lett.",
    volume = "55",
    pages = "1039",
    year = "1985"
}

@article{Chanowitz:1985hj,
    author = "Chanowitz, Michael S. and Gaillard, Mary K.",
    title = "{The TeV Physics of Strongly Interacting W's and Z's}",
    reportNumber = "LBL-19470, UCB-PTH-85/19",
    doi = "10.1016/0550-3213(85)90580-2",
    journal = "Nucl. Phys. B",
    volume = "261",
    pages = "379--431",
    year = "1985"
}

@article{Godfrey:1985xj,
    author = "Godfrey, S. and Isgur, Nathan",
    title = "{Mesons in a Relativized Quark Model with Chromodynamics}",
    doi = "10.1103/PhysRevD.32.189",
    journal = "Phys. Rev. D",
    volume = "32",
    pages = "189--231",
    year = "1985"
}

@article{Mikheev:1986gs,
    author = "Mikheyev, S. P. and Smirnov, A. Yu.",
    title = "{Resonance Amplification of Oscillations in Matter and Spectroscopy of Solar Neutrinos}",
    journal = "Sov. J. Nucl. Phys.",
    volume = "42",
    pages = "913--917",
    year = "1985"
}

@article{Reinders:1984sr,
    author = "Reinders, L. J. and Rubinstein, H. and Yazaki, S.",
    title = "{Hadron Properties from QCD Sum Rules}",
    reportNumber = "CERN-TH-4079-84",
    doi = "10.1016/0370-1573(85)90065-1",
    journal = "Phys. Rept.",
    volume = "127",
    pages = "1",
    year = "1985"
}

@article{Serot:1984ey,
    author = "Serot, Brian D. and Walecka, John Dirk",
    title = "{The Relativistic Nuclear Many Body Problem}",
    reportNumber = "ITP-740-STANFORD",
    journal = "Adv. Nucl. Phys.",
    volume = "16",
    pages = "1--327",
    year = "1986"
}

@article{Affleck:1984fy,
    author = "Affleck, Ian and Dine, Michael",
    title = "{A New Mechanism for Baryogenesis}",
    reportNumber = "Print-84-0574 (PRINCETON)",
    doi = "10.1016/0550-3213(85)90021-5",
    journal = "Nucl. Phys. B",
    volume = "249",
    pages = "361--380",
    year = "1985"
}

@article{Collins:1984kg,
    author = "Collins, John C. and Soper, Davison E. and Sterman, George F.",
    title = "{Transverse Momentum Distribution in Drell-Yan Pair and W and Z Boson Production}",
    reportNumber = "CERN-TH-3923",
    doi = "10.1016/0550-3213(85)90479-1",
    journal = "Nucl. Phys. B",
    volume = "250",
    pages = "199--224",
    year = "1985"
}

@article{Chau:1984fp,
    author = "Chau, Ling-Lie and Keung, Wai-Yee",
    title = "{Comments on the Parametrization of the Kobayashi-Maskawa Matrix}",
    reportNumber = "BNL-34643",
    doi = "10.1103/PhysRevLett.53.1802",
    journal = "Phys. Rev. Lett.",
    volume = "53",
    pages = "1802",
    year = "1984"
}

@article{Witten:1984rs,
    author = "Witten, Edward",
    title = "{Cosmic Separation of Phases}",
    reportNumber = "PRINT-84-0400 (IAS,PRINCETON)",
    doi = "10.1103/PhysRevD.30.272",
    journal = "Phys. Rev. D",
    volume = "30",
    pages = "272--285",
    year = "1984"
}

@article{Farhi:1984qu,
    author = "Farhi, Edward and Jaffe, R. L.",
    title = "{Strange Matter}",
    reportNumber = "MIT-CTP-1160",
    doi = "10.1103/PhysRevD.30.2379",
    journal = "Phys. Rev. D",
    volume = "30",
    pages = "2379",
    year = "1984"
}

@article{Eichten:1984eu,
    author = "Eichten, E. and Hinchliffe, I. and Lane, Kenneth D. and Quigg, C.",
    title = "{Super Collider Physics}",
    reportNumber = "FERMILAB-PUB-84-017-T, LBL-16875, DOE-ER-01545-345",
    doi = "10.1103/RevModPhys.56.579",
    journal = "Rev. Mod. Phys.",
    volume = "56",
    pages = "579--707",
    year = "1984",
    note = "[Addendum: Rev.Mod.Phys. 58, 1065--1073 (1986)]"
}

@article{Haber:1984rc,
    author = "Haber, Howard E. and Kane, Gordon L.",
    title = "{The Search for Supersymmetry: Probing Physics Beyond the Standard Model}",
    reportNumber = "UM-HE-TH-83-17, SCIPP-85-47",
    doi = "10.1016/0370-1573(85)90051-1",
    journal = "Phys. Rept.",
    volume = "117",
    pages = "75--263",
    year = "1985"
}

@article{Gasser:1984gg,
    author = "Gasser, J. and Leutwyler, H.",
    title = "{Chiral Perturbation Theory: Expansions in the Mass of the Strange Quark}",
    reportNumber = "CERN-TH-3798",
    doi = "10.1016/0550-3213(85)90492-4",
    journal = "Nucl. Phys. B",
    volume = "250",
    pages = "465--516",
    year = "1985"
}

@article{Pisarski:1983ms,
    author = "Pisarski, Robert D. and Wilczek, Frank",
    title = "{Remarks on the Chiral Phase Transition in Chromodynamics}",
    reportNumber = "NSF-ITP-83-152",
    doi = "10.1103/PhysRevD.29.338",
    journal = "Phys. Rev. D",
    volume = "29",
    pages = "338--341",
    year = "1984"
}

@article{Duke:1983gd,
    author = "Duke, D. W. and Owens, J. F.",
    title = "{Q**2 Dependent Parametrizations of Parton Distribution Functions}",
    reportNumber = "FSU-HEP-831115",
    doi = "10.1103/PhysRevD.30.49",
    journal = "Phys. Rev. D",
    volume = "30",
    pages = "49--54",
    year = "1984"
}

@article{Webber:1983if,
    author = "Webber, B. R.",
    title = "{A QCD Model for Jet Fragmentation Including Soft Gluon Interference}",
    reportNumber = "CERN-TH-3713",
    doi = "10.1016/0550-3213(84)90333-X",
    journal = "Nucl. Phys. B",
    volume = "238",
    pages = "492--528",
    year = "1984"
}

@article{Gasser:1983yg,
    author = "Gasser, J. and Leutwyler, H.",
    title = "{Chiral Perturbation Theory to One Loop}",
    reportNumber = "CERN-TH-3689",
    doi = "10.1016/0003-4916(84)90242-2",
    journal = "Annals Phys.",
    volume = "158",
    pages = "142",
    year = "1984"
}

@article{Wolfenstein:1983yz,
    author = "Wolfenstein, Lincoln",
    title = "{Parametrization of the Kobayashi-Maskawa Matrix}",
    reportNumber = "CMU-HEG83-9",
    doi = "10.1103/PhysRevLett.51.1945",
    journal = "Phys. Rev. Lett.",
    volume = "51",
    pages = "1945",
    year = "1983"
}

@article{Andersson:1983ia,
    author = "Andersson, Bo and Gustafson, G. and Ingelman, G. and Sjostrand, T.",
    title = "{Parton Fragmentation and String Dynamics}",
    reportNumber = "LU-TP-83-10",
    doi = "10.1016/0370-1573(83)90080-7",
    journal = "Phys. Rept.",
    volume = "97",
    pages = "31--145",
    year = "1983"
}

@article{Chernyak:1983ej,
    author = "Chernyak, V. L. and Zhitnitsky, A. R.",
    title = "{Asymptotic Behavior of Exclusive Processes in QCD}",
    reportNumber = "IYF-83-103, IYF-83-104, IYF-83-105, IYF-83-106, IYF-83-107, IYF-83-108",
    doi = "10.1016/0370-1573(84)90126-1",
    journal = "Phys. Rept.",
    volume = "112",
    pages = "173",
    year = "1984"
}

@article{Manohar:1983md,
    author = "Manohar, Aneesh and Georgi, Howard",
    title = "{Chiral Quarks and the Nonrelativistic Quark Model}",
    reportNumber = "HUTP-83/A042a",
    doi = "10.1016/0550-3213(84)90231-1",
    journal = "Nucl. Phys. B",
    volume = "234",
    pages = "189--212",
    year = "1984"
}

@article{Witten:1983tw,
    author = "Witten, Edward",
    title = "{Global Aspects of Current Algebra}",
    reportNumber = "PRINT-83-0262 (PRINCETON)",
    doi = "10.1016/0550-3213(83)90063-9",
    journal = "Nucl. Phys. B",
    volume = "223",
    pages = "422--432",
    year = "1983"
}

@article{Witten:1983tx,
    author = "Witten, Edward",
    title = "{Current Algebra, Baryons, and Quark Confinement}",
    reportNumber = "Print-83-0261 (PRINCETON)",
    doi = "10.1016/0550-3213(83)90064-0",
    journal = "Nucl. Phys. B",
    volume = "223",
    pages = "433--444",
    year = "1983"
}

@article{Marchesini:1983bm,
    author = "Marchesini, G. and Webber, B. R.",
    title = "{Simulation of QCD Jets Including Soft Gluon Interference}",
    reportNumber = "CERN-TH-3525",
    doi = "10.1016/0550-3213(84)90463-2",
    journal = "Nucl. Phys. B",
    volume = "238",
    pages = "1--29",
    year = "1984"
}

@article{Gribov:1984tu,
    author = "Gribov, L. V. and Levin, E. M. and Ryskin, M. G.",
    title = "{Semihard Processes in QCD}",
    doi = "10.1016/0370-1573(83)90022-4",
    journal = "Phys. Rept.",
    volume = "100",
    pages = "1--150",
    year = "1983"
}

@article{Eichten:1983hw,
    author = "Eichten, E. and Lane, Kenneth D. and Peskin, Michael E.",
    editor = "Tran Thanh Van, J.",
    title = "{New Tests for Quark and Lepton Substructure}",
    reportNumber = "SLAC-PUB-3128, FERMILAB-PUB-83-015-THY, FERMILAB-PUB-83-015-T",
    doi = "10.1103/PhysRevLett.50.811",
    journal = "Phys. Rev. Lett.",
    volume = "50",
    pages = "811--814",
    year = "1983"
}

@article{Brodsky:1982gc,
    author = "Brodsky, Stanley J. and Lepage, G. Peter and Mackenzie, Paul B.",
    title = "{On the Elimination of Scale Ambiguities in Perturbative Quantum Chromodynamics}",
    reportNumber = "SLAC-PUB-3011, FERMILAB-PUB-83-040-T",
    doi = "10.1103/PhysRevD.28.228",
    journal = "Phys. Rev. D",
    volume = "28",
    pages = "228",
    year = "1983"
}

@article{Dine:1982ah,
    author = "Dine, Michael and Fischler, Willy",
    editor = "Srednicki, M. A.",
    title = "{The Not So Harmless Axion}",
    reportNumber = "UPR-0201T",
    doi = "10.1016/0370-2693(83)90639-1",
    journal = "Phys. Lett. B",
    volume = "120",
    pages = "137--141",
    year = "1983"
}

@article{Bjorken:1982qr,
    author = "Bjorken, J. D.",
    title = "{Highly Relativistic Nucleus-Nucleus Collisions: The Central Rapidity Region}",
    reportNumber = "FERMILAB-PUB-82-044-THY, FERMILAB-PUB-82-044-T",
    doi = "10.1103/PhysRevD.27.140",
    journal = "Phys. Rev. D",
    volume = "27",
    pages = "140--151",
    year = "1983"
}

@article{Peterson:1982ak,
    author = "Peterson, C. and Schlatter, D. and Schmitt, I. and Zerwas, Peter M.",
    title = "{Scaling Violations in Inclusive e+ e- Annihilation Spectra}",
    reportNumber = "SLAC-PUB-2912",
    doi = "10.1103/PhysRevD.27.105",
    journal = "Phys. Rev. D",
    volume = "27",
    pages = "105",
    year = "1983"
}

@article{Witten:1982df,
    author = "Witten, Edward",
    title = "{Constraints on Supersymmetry Breaking}",
    reportNumber = "PRINT-82-0163 (PRINCETON)",
    doi = "10.1016/0550-3213(82)90071-2",
    journal = "Nucl. Phys. B",
    volume = "202",
    pages = "253",
    year = "1982"
}

@article{Gasser:1982ap,
    author = "Gasser, J. and Leutwyler, H.",
    title = "{Quark Masses}",
    reportNumber = "BUTP-6-1982-BERN",
    doi = "10.1016/0370-1573(82)90035-7",
    journal = "Phys. Rept.",
    volume = "87",
    pages = "77--169",
    year = "1982"
}

@article{Rafelski:1982pu,
    author = "Rafelski, Johann and Muller, Berndt",
    title = "{Strangeness Production in the Quark - Gluon Plasma}",
    reportNumber = "Print-82-0048 (FRANKFURT)",
    doi = "10.1103/PhysRevLett.48.1066",
    journal = "Phys. Rev. Lett.",
    volume = "48",
    pages = "1066",
    year = "1982",
    note = "[Erratum: Phys.Rev.Lett. 56, 2334 (1986)]"
}

@article{Cornwall:1981zr,
    author = "Cornwall, John M.",
    title = "{Dynamical Mass Generation in Continuum QCD}",
    reportNumber = "UCLA-81-TEP-30",
    doi = "10.1103/PhysRevD.26.1453",
    journal = "Phys. Rev. D",
    volume = "26",
    pages = "1453",
    year = "1982"
}

@article{Weinberg:1981wj,
    author = "Weinberg, Steven",
    title = "{Supersymmetry at Ordinary Energies. 1. Masses and Conservation Laws}",
    reportNumber = "HUTP-81-A047",
    doi = "10.1103/PhysRevD.26.287",
    journal = "Phys. Rev. D",
    volume = "26",
    pages = "287",
    year = "1982"
}

@article{Collins:1981uw,
    author = "Collins, John C. and Soper, Davison E.",
    title = "{Parton Distribution and Decay Functions}",
    reportNumber = "OITS-166",
    doi = "10.1016/0550-3213(82)90021-9",
    journal = "Nucl. Phys. B",
    volume = "194",
    pages = "445--492",
    year = "1982"
}

@article{Dine:1981rt,
    author = "Dine, Michael and Fischler, Willy and Srednicki, Mark",
    title = "{A Simple Solution to the Strong CP Problem with a Harmless Axion}",
    reportNumber = "Print-81-0320 (IAS,PRINCETON)",
    doi = "10.1016/0370-2693(81)90590-6",
    journal = "Phys. Lett. B",
    volume = "104",
    pages = "199--202",
    year = "1981"
}

@article{Dine:1981za,
    author = "Dine, Michael and Fischler, Willy and Srednicki, Mark",
    editor = "Leveille, J. P. and Sulak, L. R. and Unger, D. G.",
    title = "{Supersymmetric Technicolor}",
    reportNumber = "PRINT-81-0278 (IAS,PRINCETON)",
    doi = "10.1016/0550-3213(81)90582-4",
    journal = "Nucl. Phys. B",
    volume = "189",
    pages = "575--593",
    year = "1981"
}

@article{tHooft:1981bkw,
    author = "'t Hooft, Gerard",
    title = "{Topology of the Gauge Condition and New Confinement Phases in Nonabelian Gauge Theories}",
    reportNumber = "CALT-68-819",
    doi = "10.1016/0550-3213(81)90442-9",
    journal = "Nucl. Phys. B",
    volume = "190",
    pages = "455--478",
    year = "1981"
}

@article{Collins:1981uk,
    author = "Collins, John C. and Soper, Davison E.",
    title = "{Back-To-Back Jets in QCD}",
    reportNumber = "OITS-155",
    doi = "10.1016/0550-3213(81)90339-4",
    journal = "Nucl. Phys. B",
    volume = "193",
    pages = "381",
    year = "1981",
    note = "[Erratum: Nucl.Phys.B 213, 545 (1983)]"
}

@article{Slansky:1981yr,
    author = "Slansky, R.",
    title = "{Group Theory for Unified Model Building}",
    reportNumber = "LA-UR-80-3495",
    doi = "10.1016/0370-1573(81)90092-2",
    journal = "Phys. Rept.",
    volume = "79",
    pages = "1--128",
    year = "1981"
}

@article{Tkachov:1981wb,
    author = "Tkachov, F. V.",
    title = "{A Theorem on Analytical Calculability of Four Loop Renormalization Group Functions}",
    doi = "10.1016/0370-2693(81)90288-4",
    journal = "Phys. Lett. B",
    volume = "100",
    pages = "65--68",
    year = "1981"
}

@article{Stevenson:1981vj,
    author = "Stevenson, Paul M.",
    title = "{Optimized Perturbation Theory}",
    reportNumber = "DOE-ER-00881-185",
    doi = "10.1103/PhysRevD.23.2916",
    journal = "Phys. Rev. D",
    volume = "23",
    pages = "2916",
    year = "1981"
}

@article{Bigi:1981qs,
    author = "Bigi, Ikaros I. Y. and Sanda, A. I.",
    title = "{Notes on the Observability of CP Violations in B Decays}",
    reportNumber = "Print-81-0459 (AACHEN), PITHA 81/09",
    doi = "10.1016/0550-3213(81)90519-8",
    journal = "Nucl. Phys. B",
    volume = "193",
    pages = "85--108",
    year = "1981"
}

@article{Farhi:1980xs,
    author = "Farhi, Edward and Susskind, Leonard",
    title = "{Technicolor}",
    reportNumber = "CERN-TH-2975",
    doi = "10.1016/0370-1573(81)90173-3",
    journal = "Phys. Rept.",
    volume = "74",
    pages = "277",
    year = "1981"
}

@article{Cheng:1980qt,
    author = "Cheng, T. P. and Li, Ling-Fong",
    title = "{Neutrino Masses, Mixings and Oscillations in SU(2) x U(1) Models of Electroweak Interactions}",
    reportNumber = "PRINT-80-0511 (CARNEGIE-MELLON), COO-3066-152",
    doi = "10.1103/PhysRevD.22.2860",
    journal = "Phys. Rev. D",
    volume = "22",
    pages = "2860",
    year = "1980"
}

@article{Mohapatra:1980yp,
    author = "Mohapatra, Rabindra N. and Senjanovic, Goran",
    title = "{Neutrino Masses and Mixings in Gauge Models with Spontaneous Parity Violation}",
    reportNumber = "FERMILAB-PUB-80-061-THY, FERMILAB-PUB-80-061-T",
    doi = "10.1103/PhysRevD.23.165",
    journal = "Phys. Rev. D",
    volume = "23",
    pages = "165",
    year = "1981"
}

@article{Guth:1980zm,
    author = "Guth, Alan H.",
    editor = "Fang, Li-Zhi and Ruffini, R.",
    title = "{The Inflationary Universe: A Possible Solution to the Horizon and Flatness Problems}",
    reportNumber = "SLAC-PUB-2576",
    doi = "10.1103/PhysRevD.23.347",
    journal = "Phys. Rev. D",
    volume = "23",
    pages = "347--356",
    year = "1981"
}

@article{Schechter:1980gr,
    author = "Schechter, J. and Valle, J. W. F.",
    title = "{Neutrino Masses in SU(2) x U(1) Theories}",
    reportNumber = "SU-4217-167, COO-3533-167",
    doi = "10.1103/PhysRevD.22.2227",
    journal = "Phys. Rev. D",
    volume = "22",
    pages = "2227",
    year = "1980"
}

@article{Gross:1980br,
    author = "Gross, David J. and Pisarski, Robert D. and Yaffe, Laurence G.",
    title = "{QCD and Instantons at Finite Temperature}",
    reportNumber = "PRINT-80-0538 (PRINCETON)",
    doi = "10.1103/RevModPhys.53.43",
    journal = "Rev. Mod. Phys.",
    volume = "53",
    pages = "43",
    year = "1981"
}

@article{Langacker:1980js,
    author = "Langacker, Paul",
    title = "{Grand Unified Theories and Proton Decay}",
    reportNumber = "SLAC-PUB-2544",
    doi = "10.1016/0370-1573(81)90059-4",
    journal = "Phys. Rept.",
    volume = "72",
    pages = "185",
    year = "1981"
}

@article{Inami:1980fz,
    author = "Inami, T. and Lim, C. S.",
    title = "{Effects of Superheavy Quarks and Leptons in Low-Energy Weak Processes k(L) ---\ensuremath{>} mu anti-mu, K+ ---\ensuremath{>} pi+ Neutrino anti-neutrino and K0 \ensuremath{<}---\ensuremath{>} anti-K0}",
    reportNumber = "UT-KOMABA-80-8",
    doi = "10.1143/PTP.65.297",
    journal = "Prog. Theor. Phys.",
    volume = "65",
    pages = "297",
    year = "1981",
    note = "[Erratum: Prog.Theor.Phys. 65, 1772 (1981)]"
}

@article{Lazarides:1980nt,
    author = "Lazarides, George and Shafi, Q. and Wetterich, C.",
    title = "{Proton Lifetime and Fermion Masses in an SO(10) Model}",
    reportNumber = "FREIBURG-THEP-80-2",
    doi = "10.1016/0550-3213(81)90354-0",
    journal = "Nucl. Phys. B",
    volume = "181",
    pages = "287--300",
    year = "1981"
}

@article{Lepage:1980fj,
    author = "Lepage, G. Peter and Brodsky, Stanley J.",
    title = "{Exclusive Processes in Perturbative Quantum Chromodynamics}",
    reportNumber = "SLAC-PUB-2478",
    doi = "10.1103/PhysRevD.22.2157",
    journal = "Phys. Rev. D",
    volume = "22",
    pages = "2157",
    year = "1980"
}

@article{Curci:1980uw,
    author = "Curci, G. and Furmanski, W. and Petronzio, R.",
    title = "{Evolution of Parton Densities Beyond Leading Order: The Nonsinglet Case}",
    reportNumber = "CERN-TH-2815",
    doi = "10.1016/0550-3213(80)90003-6",
    journal = "Nucl. Phys. B",
    volume = "175",
    pages = "27--92",
    year = "1980"
}

@article{Zee:1980ai,
    author = "Zee, A.",
    title = "{A Theory of Lepton Number Violation, Neutrino Majorana Mass, and Oscillation}",
    reportNumber = "UPR-0150T",
    doi = "10.1016/0370-2693(80)90349-4",
    journal = "Phys. Lett. B",
    volume = "93",
    pages = "389",
    year = "1980",
    note = "[Erratum: Phys.Lett.B 95, 461 (1980)]"
}

@article{Shuryak:1980tp,
    author = "Shuryak, Edward V.",
    title = "{Quantum Chromodynamics and the Theory of Superdense Matter}",
    doi = "10.1016/0370-1573(80)90105-2",
    journal = "Phys. Rept.",
    volume = "61",
    pages = "71--158",
    year = "1980"
}

@article{Efremov:1979qk,
    author = "Efremov, A. V. and Radyushkin, A. V.",
    title = "{Factorization and Asymptotical Behavior of Pion Form-Factor in QCD}",
    reportNumber = "JINR-P2-12900",
    doi = "10.1016/0370-2693(80)90869-2",
    journal = "Phys. Lett. B",
    volume = "94",
    pages = "245--250",
    year = "1980"
}

@article{Mohapatra:1979ia,
    author = "Mohapatra, Rabindra N. and Senjanovic, Goran",
    title = "{Neutrino Mass and Spontaneous Parity Nonconservation}",
    reportNumber = "MDDP-TR-80-060, MDDP-PP-80-105, CCNY-HEP-79-10",
    doi = "10.1103/PhysRevLett.44.912",
    journal = "Phys. Rev. Lett.",
    volume = "44",
    pages = "912",
    year = "1980"
}

@article{Kugo:1979gm,
    author = "Kugo, Taichiro and Ojima, Izumi",
    title = "{Local Covariant Operator Formalism of Nonabelian Gauge Theories and Quark Confinement Problem}",
    reportNumber = "KUNS-493",
    doi = "10.1143/PTPS.66.1",
    journal = "Prog. Theor. Phys. Suppl.",
    volume = "66",
    pages = "1--130",
    year = "1979"
}

@article{Eichten:1979ms,
    author = "Eichten, E. and Gottfried, K. and Kinoshita, T. and Lane, K. D. and Yan, Tung-Mow",
    title = "{Charmonium: Comparison with Experiment}",
    reportNumber = "CLNS-425",
    doi = "10.1103/PhysRevD.21.203",
    journal = "Phys. Rev. D",
    volume = "21",
    pages = "203",
    year = "1980"
}

@article{Lepage:1979zb,
    author = "Lepage, G. Peter and Brodsky, Stanley J.",
    title = "{Exclusive Processes in Quantum Chromodynamics: Evolution Equations for Hadronic Wave Functions and the Form-Factors of Mesons}",
    reportNumber = "SLAC-PUB-2343",
    doi = "10.1016/0370-2693(79)90554-9",
    journal = "Phys. Lett. B",
    volume = "87",
    pages = "359--365",
    year = "1979"
}

@article{Veneziano:1979ec,
    author = "Veneziano, G.",
    title = "{U(1) Without Instantons}",
    reportNumber = "CERN-TH-2651",
    doi = "10.1016/0550-3213(79)90332-8",
    journal = "Nucl. Phys. B",
    volume = "159",
    pages = "213--224",
    year = "1979"
}

@article{Witten:1979kh,
    author = "Witten, Edward",
    title = "{Baryons in the 1/n Expansion}",
    reportNumber = "HUTP-79-A007",
    doi = "10.1016/0550-3213(79)90232-3",
    journal = "Nucl. Phys. B",
    volume = "160",
    pages = "57--115",
    year = "1979"
}

@article{Kim:1979if,
    author = "Kim, Jihn E.",
    title = "{Weak Interaction Singlet and Strong CP Invariance}",
    reportNumber = "UPR-0120T",
    doi = "10.1103/PhysRevLett.43.103",
    journal = "Phys. Rev. Lett.",
    volume = "43",
    pages = "103",
    year = "1979"
}

@article{GellMann:1980vs,
    author = "Gell-Mann, Murray and Ramond, Pierre and Slansky, Richard",
    title = "{Complex Spinors and Unified Theories}",
    eprint = "1306.4669",
    archivePrefix = "arXiv",
    primaryClass = "hep-th",
    reportNumber = "PRINT-80-0576",
    journal = "Conf. Proc. C",
    volume = "790927",
    pages = "315--321",
    year = "1979"
}

@article{tHooft:1979rtg,
    author = "'t Hooft, Gerard",
    title = "{A Property of Electric and Magnetic Flux in Nonabelian Gauge Theories}",
    reportNumber = "PRINT-79-0117 (UTRECHT)",
    doi = "10.1016/0550-3213(79)90595-9",
    journal = "Nucl. Phys. B",
    volume = "153",
    pages = "141--160",
    year = "1979"
}

@article{Shifman:1979if,
    author = "Shifman, Mikhail A. and Vainshtein, A. I. and Zakharov, Valentin I.",
    title = "{Can Confinement Ensure Natural CP Invariance of Strong Interactions?}",
    reportNumber = "ITEP-64-1979",
    doi = "10.1016/0550-3213(80)90209-6",
    journal = "Nucl. Phys. B",
    volume = "166",
    pages = "493--506",
    year = "1980"
}

@article{Dimopoulos:1979es,
    author = "Dimopoulos, Savas and Susskind, Leonard",
    editor = "Zichichi, A.",
    title = "{Mass Without Scalars}",
    reportNumber = "CU-TP-147, ITP-626-STANFORD",
    doi = "10.1016/0550-3213(79)90364-X",
    volume = "2",
    pages = "930--930",
    year = "1979"
}

@article{tHooft:1978jhc,
    author = "'t Hooft, Gerard and Veltman, M. J. G.",
    title = "{Scalar One Loop Integrals}",
    reportNumber = "PRINT-79-0134 (UTRECHT)",
    doi = "10.1016/0550-3213(79)90605-9",
    journal = "Nucl. Phys. B",
    volume = "153",
    pages = "365--401",
    year = "1979"
}

@article{Fox:1978vu,
    author = "Fox, Geoffrey C. and Wolfram, Stephen",
    title = "{Observables for the Analysis of Event Shapes in e+ e- Annihilation and Other Processes}",
    reportNumber = "CALT-68-680",
    doi = "10.1103/PhysRevLett.41.1581",
    journal = "Phys. Rev. Lett.",
    volume = "41",
    pages = "1581",
    year = "1978"
}

@article{Isgur:1978wd,
    author = "Isgur, Nathan and Karl, Gabriel",
    title = "{Positive Parity Excited Baryons in a Quark Model with Hyperfine Interactions}",
    reportNumber = "RL-78-045",
    doi = "10.1103/PhysRevD.19.2653",
    journal = "Phys. Rev. D",
    volume = "19",
    pages = "2653",
    year = "1979",
    note = "[Erratum: Phys.Rev.D 23, 817 (1981)]"
}

@article{Froggatt:1978nt,
    author = "Froggatt, C. D. and Nielsen, Holger Bech",
    title = "{Hierarchy of Quark Masses, Cabibbo Angles and CP Violation}",
    reportNumber = "CERN-TH-2519",
    doi = "10.1016/0550-3213(79)90316-X",
    journal = "Nucl. Phys. B",
    volume = "147",
    pages = "277--298",
    year = "1979"
}

@article{Bardeen:1978yd,
    author = "Bardeen, William A. and Buras, A. J. and Duke, D. W. and Muta, T.",
    title = "{Deep Inelastic Scattering Beyond the Leading Order in Asymptotically Free Gauge Theories}",
    reportNumber = "FERMILAB-PUB-78-42-THY, FERMILAB-PUB-78-042-T",
    doi = "10.1103/PhysRevD.18.3998",
    journal = "Phys. Rev. D",
    volume = "18",
    pages = "3998",
    year = "1978"
}

@article{Farrar:1978xj,
    author = "Farrar, Glennys R. and Fayet, Pierre",
    title = "{Phenomenology of the Production, Decay, and Detection of New Hadronic States Associated with Supersymmetry}",
    reportNumber = "CALT-68-648",
    doi = "10.1016/0370-2693(78)90858-4",
    journal = "Phys. Lett. B",
    volume = "76",
    pages = "575--579",
    year = "1978"
}

@article{Passarino:1978jh,
    author = "Passarino, G. and Veltman, M. J. G.",
    title = "{One Loop Corrections for e+ e- Annihilation Into mu+ mu- in the Weinberg Model}",
    reportNumber = "Print-79-0284 (UTRECHT)",
    doi = "10.1016/0550-3213(79)90234-7",
    journal = "Nucl. Phys. B",
    volume = "160",
    pages = "151--207",
    year = "1979"
}

@article{Isgur:1978xj,
    author = "Isgur, Nathan and Karl, Gabriel",
    title = "{P Wave Baryons in the Quark Model}",
    reportNumber = "Print-78-1057 (TORONTO)",
    doi = "10.1103/PhysRevD.18.4187",
    journal = "Phys. Rev. D",
    volume = "18",
    pages = "4187",
    year = "1978"
}

@article{Eichten:1978tg,
    author = "Eichten, E. and Gottfried, K. and Kinoshita, T. and Lane, K. D. and Yan, Tung-Mow",
    title = "{Charmonium: The Model}",
    reportNumber = "CLNS-375",
    doi = "10.1103/PhysRevD.17.3090",
    journal = "Phys. Rev. D",
    volume = "17",
    pages = "3090",
    year = "1978",
    note = "[Erratum: Phys.Rev.D 21, 313 (1980)]"
}

@article{Balitsky:1978ic,
    author = "Balitsky, I. I. and Lipatov, L. N.",
    title = "{The Pomeranchuk Singularity in Quantum Chromodynamics}",
    journal = "Sov. J. Nucl. Phys.",
    volume = "28",
    pages = "822--829",
    year = "1978"
}

@article{Shifman:1978by,
    author = "Shifman, Mikhail A. and Vainshtein, A. I. and Zakharov, Valentin I.",
    title = "{QCD and Resonance Physics: Applications}",
    reportNumber = "ITEP-94-1978, ITEP-81-1978",
    doi = "10.1016/0550-3213(79)90023-3",
    journal = "Nucl. Phys. B",
    volume = "147",
    pages = "448--518",
    year = "1979"
}

@article{Shifman:1978bx,
    author = "Shifman, Mikhail A. and Vainshtein, A. I. and Zakharov, Valentin I.",
    title = "{QCD and Resonance Physics. Theoretical Foundations}",
    reportNumber = "ITEP-73-1978, ITEP-80-1978",
    doi = "10.1016/0550-3213(79)90022-1",
    journal = "Nucl. Phys. B",
    volume = "147",
    pages = "385--447",
    year = "1979"
}

@article{tHooft:1977nqb,
    author = "'t Hooft, Gerard",
    title = "{On the Phase Transition Towards Permanent Quark Confinement}",
    reportNumber = "Print-78-0099 (UTRECHT)",
    doi = "10.1016/0550-3213(78)90153-0",
    journal = "Nucl. Phys. B",
    volume = "138",
    pages = "1--25",
    year = "1978"
}

@article{Weinberg:1977ma,
    author = "Weinberg, Steven",
    title = "{A New Light Boson?}",
    reportNumber = "HUTP-77/A074",
    doi = "10.1103/PhysRevLett.40.223",
    journal = "Phys. Rev. Lett.",
    volume = "40",
    pages = "223--226",
    year = "1978"
}

@article{Field:1977fa,
    author = "Field, R. D. and Feynman, R. P.",
    editor = "Brown, L. M.",
    title = "{A Parametrization of the Properties of Quark Jets}",
    reportNumber = "CALT-68-618",
    doi = "10.1016/0550-3213(78)90015-9",
    journal = "Nucl. Phys. B",
    volume = "136",
    pages = "1",
    year = "1978"
}

@article{Wilczek:1977pj,
    author = "Wilczek, Frank",
    title = "{Problem of Strong  $P$  and  $T$  Invariance in the Presence of Instantons}",
    reportNumber = "Print-77-0939 (COLUMBIA)",
    doi = "10.1103/PhysRevLett.40.279",
    journal = "Phys. Rev. Lett.",
    volume = "40",
    pages = "279--282",
    year = "1978"
}

@article{Buras:1977yy,
    author = "Buras, A. J. and Ellis, John R. and Gaillard, M. K. and Nanopoulos, Dimitri V.",
    title = "{Aspects of the Grand Unification of Strong, Weak and Electromagnetic Interactions}",
    reportNumber = "CERN-TH-2403",
    doi = "10.1016/0550-3213(78)90214-6",
    journal = "Nucl. Phys. B",
    volume = "135",
    pages = "66--92",
    year = "1978"
}

@article{Fayet:1977yc,
    author = "Fayet, Pierre",
    title = "{Spontaneously Broken Supersymmetric Theories of Weak, Electromagnetic and Strong Interactions}",
    reportNumber = "LPTENS 77/11",
    doi = "10.1016/0370-2693(77)90852-8",
    journal = "Phys. Lett. B",
    volume = "69",
    pages = "489",
    year = "1977"
}

@article{Farhi:1977sg,
    author = "Farhi, Edward",
    title = "{A QCD Test for Jets}",
    reportNumber = "HUTP-77-A059",
    doi = "10.1103/PhysRevLett.39.1587",
    journal = "Phys. Rev. Lett.",
    volume = "39",
    pages = "1587--1588",
    year = "1977"
}

@article{Callan:1977gz,
    author = "Callan, Jr., Curtis G. and Dashen, Roger F. and Gross, David J.",
    editor = "Shifman, Mikhail A.",
    title = "{Toward a Theory of the Strong Interactions}",
    reportNumber = "COO-2220-115",
    doi = "10.1103/PhysRevD.17.2717",
    journal = "Phys. Rev. D",
    volume = "17",
    pages = "2717",
    year = "1978"
}

@article{Sterman:1977wj,
    author = "Sterman, George F. and Weinberg, Steven",
    title = "{Jets from Quantum Chromodynamics}",
    reportNumber = "HUTP-77/A044",
    doi = "10.1103/PhysRevLett.39.1436",
    journal = "Phys. Rev. Lett.",
    volume = "39",
    pages = "1436",
    year = "1977"
}

@article{Peccei:1977ur,
    author = "Peccei, R. D. and Quinn, Helen R.",
    title = "{Constraints Imposed by CP Conservation in the Presence of Instantons}",
    reportNumber = "ITP-572-STANFORD",
    doi = "10.1103/PhysRevD.16.1791",
    journal = "Phys. Rev. D",
    volume = "16",
    pages = "1791--1797",
    year = "1977"
}

@article{Altarelli:1977zs,
    author = "Altarelli, Guido and Parisi, G.",
    title = "{Asymptotic Freedom in Parton Language}",
    reportNumber = "LPTENS-77-6",
    doi = "10.1016/0550-3213(77)90384-4",
    journal = "Nucl. Phys. B",
    volume = "126",
    pages = "298--318",
    year = "1977"
}

@article{Peccei:1977hh,
    author = "Peccei, R. D. and Quinn, Helen R.",
    title = "{CP Conservation in the Presence of Instantons}",
    reportNumber = "ITP-568-STANFORD",
    doi = "10.1103/PhysRevLett.38.1440",
    journal = "Phys. Rev. Lett.",
    volume = "38",
    pages = "1440--1443",
    year = "1977"
}

@article{Minkowski:1977sc,
    author = "Minkowski, Peter",
    title = "{$\mu \to e\gamma$ at a Rate of One Out of $10^{9}$ Muon Decays?}",
    reportNumber = "Print-77-0182 (BERN)",
    doi = "10.1016/0370-2693(77)90435-X",
    journal = "Phys. Lett. B",
    volume = "67",
    pages = "421--428",
    year = "1977"
}

@article{Veltman:1977kh,
    author = "Veltman, M. J. G.",
    title = "{Limit on Mass Differences in the Weinberg Model}",
    reportNumber = "Print-77-0151 (UTRECHT)",
    doi = "10.1016/0550-3213(77)90342-X",
    journal = "Nucl. Phys. B",
    volume = "123",
    pages = "89--99",
    year = "1977"
}

@article{Dokshitzer:1977sg,
    author = "Dokshitzer, Yuri L.",
    title = "{Calculation of the Structure Functions for Deep Inelastic Scattering and e+ e- Annihilation by Perturbation Theory in Quantum Chromodynamics.}",
    journal = "Sov. Phys. JETP",
    volume = "46",
    pages = "641--653",
    year = "1977"
}

@article{Field:1976ve,
    author = "Field, R. D. and Feynman, R. P.",
    title = "{Quark Elastic Scattering as a Source of High Transverse Momentum Mesons}",
    reportNumber = "CALT-68-565",
    doi = "10.1103/PhysRevD.15.2590",
    journal = "Phys. Rev. D",
    volume = "15",
    pages = "2590--2616",
    year = "1977"
}

@article{Polyakov:1976fu,
    author = "Polyakov, Alexander M.",
    title = "{Quark Confinement and Topology of Gauge Groups}",
    reportNumber = "NORDITA-76/33",
    doi = "10.1016/0550-3213(77)90086-4",
    journal = "Nucl. Phys. B",
    volume = "120",
    pages = "429--458",
    year = "1977"
}

@article{Jaffe:1976yi,
    author = "Jaffe, Robert L.",
    title = "{Perhaps a Stable Dihyperon}",
    reportNumber = "SLAC-PUB-1828",
    doi = "10.1103/PhysRevLett.38.195",
    journal = "Phys. Rev. Lett.",
    volume = "38",
    pages = "195--198",
    year = "1977",
    note = "[Erratum: Phys.Rev.Lett. 38, 617 (1977)]"
}

@article{Glashow:1976nt,
    author = "Glashow, Sheldon L. and Weinberg, Steven",
    title = "{Natural Conservation Laws for Neutral Currents}",
    reportNumber = "HUTP-76-A158",
    doi = "10.1103/PhysRevD.15.1958",
    journal = "Phys. Rev. D",
    volume = "15",
    pages = "1958",
    year = "1977"
}

@article{Jaffe:1976ig,
    author = "Jaffe, Robert L.",
    title = "{Multi-Quark Hadrons. 1. The Phenomenology of (2 Quark 2 anti-Quark) Mesons}",
    reportNumber = "SLAC-PUB-1772",
    doi = "10.1103/PhysRevD.15.267",
    journal = "Phys. Rev. D",
    volume = "15",
    pages = "267",
    year = "1977"
}

@article{Jaffe:1976ih,
    author = "Jaffe, Robert L.",
    title = "{Multi-Quark Hadrons. 2. Methods}",
    reportNumber = "SLAC-PUB-1773",
    doi = "10.1103/PhysRevD.15.281",
    journal = "Phys. Rev. D",
    volume = "15",
    pages = "281",
    year = "1977"
}

@article{Callan:1976je,
    author = "Callan, Jr., Curtis G. and Dashen, R. F. and Gross, David J.",
    editor = "Taylor, J. C.",
    title = "{The Structure of the Gauge Theory Vacuum}",
    reportNumber = "COO-2220-75",
    doi = "10.1016/0370-2693(76)90277-X",
    journal = "Phys. Lett. B",
    volume = "63",
    pages = "334--340",
    year = "1976"
}

@article{tHooft:1976rip,
    author = "'t Hooft, Gerard",
    editor = "Shifman, Mikhail A.",
    title = "{Symmetry Breaking Through Bell-Jackiw Anomalies}",
    reportNumber = "PRINT-76-0254 (HARVARD)",
    doi = "10.1103/PhysRevLett.37.8",
    journal = "Phys. Rev. Lett.",
    volume = "37",
    pages = "8--11",
    year = "1976"
}

@article{Georgi:1976ve,
    author = "Georgi, Howard and Politzer, H. David",
    title = "{Freedom at Moderate Energies: Masses in Color Dynamics}",
    reportNumber = "Print-76-0479 (HARVARD)",
    doi = "10.1103/PhysRevD.14.1829",
    journal = "Phys. Rev. D",
    volume = "14",
    pages = "1829",
    year = "1976"
}

@article{Weinberg:1975gm,
    author = "Weinberg, Steven",
    title = "{Implications of Dynamical Symmetry Breaking}",
    reportNumber = "PRINT-75-0804 (HARVARD)",
    doi = "10.1103/PhysRevD.19.1277",
    journal = "Phys. Rev. D",
    volume = "13",
    pages = "974--996",
    year = "1976",
    note = "[Addendum: Phys.Rev.D 19, 1277--1280 (1979)]"
}

@article{DeGrand:1975cf,
    author = "DeGrand, Thomas A. and Jaffe, R. L. and Johnson, K. and Kiskis, J. E.",
    title = "{Masses and Other Parameters of the Light Hadrons}",
    reportNumber = "MIT-CTP-475",
    doi = "10.1103/PhysRevD.12.2060",
    journal = "Phys. Rev. D",
    volume = "12",
    pages = "2060",
    year = "1975"
}

@article{Senjanovic:1975rk,
    author = "Senjanovic, G. and Mohapatra, Rabindra N.",
    title = "{Exact Left-Right Symmetry and Spontaneous Violation of Parity}",
    reportNumber = "CCNY-HEP-75-5",
    doi = "10.1103/PhysRevD.12.1502",
    journal = "Phys. Rev. D",
    volume = "12",
    pages = "1502",
    year = "1975"
}

@article{DeRujula:1975qlm,
    author = "De Rujula, A. and Georgi, Howard and Glashow, S. L.",
    title = "{Hadron Masses in a Gauge Theory}",
    reportNumber = "PRINT-75-0182 (HARVARD)",
    doi = "10.1103/PhysRevD.12.147",
    journal = "Phys. Rev. D",
    volume = "12",
    pages = "147--162",
    year = "1975"
}

@article{Eichten:1974af,
    author = "Eichten, E. and Gottfried, K. and Kinoshita, T. and Kogut, John B. and Lane, K. D. and Yan, Tung-Mow",
    title = "{The Spectrum of Charmonium}",
    reportNumber = "PRINT-74-1715 (CORNELL)",
    doi = "10.1103/PhysRevLett.34.369",
    journal = "Phys. Rev. Lett.",
    volume = "34",
    pages = "369--372",
    year = "1975",
    note = "[Erratum: Phys.Rev.Lett. 36, 1276 (1976)]"
}

@article{Appelquist:1974zd,
    author = "Appelquist, Thomas and Politzer, H. David",
    title = "{Orthocharmonium and e+ e- Annihilation}",
    reportNumber = "PRINT-74-1705 (HARVARD)",
    doi = "10.1103/PhysRevLett.34.43",
    journal = "Phys. Rev. Lett.",
    volume = "34",
    pages = "43",
    year = "1975"
}

@article{Fritzsch:1974nn,
    author = "Fritzsch, Harald and Minkowski, Peter",
    title = "{Unified Interactions of Leptons and Hadrons}",
    reportNumber = "CALT-68-467",
    doi = "10.1016/0003-4916(75)90211-0",
    journal = "Annals Phys.",
    volume = "93",
    pages = "193--266",
    year = "1975"
}

@article{Mandelstam:1974pi,
    author = "Mandelstam, S.",
    title = "{Vortices and Quark Confinement in Nonabelian Gauge Theories}",
    reportNumber = "PRINT-74-1623 (UC,BERKELEY)",
    doi = "10.1016/0370-1573(76)90043-0",
    journal = "Phys. Rept.",
    volume = "23",
    pages = "245--249",
    year = "1976"
}

@article{Georgi:1974yf,
    author = "Georgi, H. and Quinn, Helen R. and Weinberg, Steven",
    title = "{Hierarchy of Interactions in Unified Gauge Theories}",
    reportNumber = "Print-74-1122 Rev. (HARVARD), PRINT-74-1122 (HARVARD)",
    doi = "10.1103/PhysRevLett.33.451",
    journal = "Phys. Rev. Lett.",
    volume = "33",
    pages = "451--454",
    year = "1974"
}

@article{Gaillard:1974mw,
    author = "Gaillard, Mary K. and Lee, Benjamin W. and Rosner, Jonathan L.",
    title = "{Search for Charm}",
    reportNumber = "FERMILAB-PUB-74-086-THY, FERMILAB-PUB-74-086-T",
    doi = "10.1103/RevModPhys.47.277",
    journal = "Rev. Mod. Phys.",
    volume = "47",
    pages = "277--310",
    year = "1975"
}

@article{Nambu:1974zg,
    author = "Nambu, Yoichiro",
    editor = "Eguchi, T.",
    title = "{Strings, Monopoles and Gauge Fields}",
    reportNumber = "EFI 74/40",
    doi = "10.1103/PhysRevD.10.4262",
    journal = "Phys. Rev. D",
    volume = "10",
    pages = "4262",
    year = "1974"
}

@article{Politzer:1974fr,
    author = "Politzer, H. David",
    title = "{Asymptotic Freedom: An Approach to Strong Interactions}",
    reportNumber = "PRINT-74-1223 (HARVARD)",
    doi = "10.1016/0370-1573(74)90014-3",
    journal = "Phys. Rept.",
    volume = "14",
    pages = "129--180",
    year = "1974"
}

@article{Kogut:1974ag,
    author = "Kogut, John B. and Susskind, Leonard",
    title = "{Hamiltonian Formulation of Wilson's Lattice Gauge Theories}",
    reportNumber = "Print-74-1186 (CORNELL)",
    doi = "10.1103/PhysRevD.11.395",
    journal = "Phys. Rev. D",
    volume = "11",
    pages = "395--408",
    year = "1975"
}

@article{Caswell:1974gg,
    author = "Caswell, William E.",
    title = "{Asymptotic Behavior of Nonabelian Gauge Theories to Two Loop Order}",
    reportNumber = "PRINT-74-1058 (PRINCETON)",
    doi = "10.1103/PhysRevLett.33.244",
    journal = "Phys. Rev. Lett.",
    volume = "33",
    pages = "244",
    year = "1974"
}

@article{Chodos:1974je,
    author = "Chodos, A. and Jaffe, R. L. and Johnson, K. and Thorn, Charles B. and Weisskopf, V. F.",
    title = "{A New Extended Model of Hadrons}",
    reportNumber = "MIT-CTP-387-REV, MIT-CTP-387",
    doi = "10.1103/PhysRevD.9.3471",
    journal = "Phys. Rev. D",
    volume = "9",
    pages = "3471--3495",
    year = "1974"
}

@article{Mohapatra:1974hk,
    author = "Mohapatra, Rabindra N. and Pati, Jogesh C.",
    title = "{Left-Right Gauge Symmetry and an Isoconjugate Model of CP Violation}",
    reportNumber = "MDDP-TR-74-085",
    doi = "10.1103/PhysRevD.11.566",
    journal = "Phys. Rev. D",
    volume = "11",
    pages = "566--571",
    year = "1975"
}

@article{Georgi:1974sy,
    author = "Georgi, H. and Glashow, S. L.",
    title = "{Unity of All Elementary Particle Forces}",
    doi = "10.1103/PhysRevLett.32.438",
    journal = "Phys. Rev. Lett.",
    volume = "32",
    pages = "438--441",
    year = "1974"
}

@article{Gaillard:1974hs,
    author = "Gaillard, M. K. and Lee, Benjamin W.",
    title = "{Rare Decay Modes of the K-Mesons in Gauge Theories}",
    reportNumber = "NAL-PUB-74-021-THY, FERMILAB-PUB-74-021-T, NAL-PUB-74-21-THY",
    doi = "10.1103/PhysRevD.10.897",
    journal = "Phys. Rev. D",
    volume = "10",
    pages = "897",
    year = "1974"
}

@article{Pati:1974yy,
    author = "Pati, Jogesh C. and Salam, Abdus",
    title = "{Lepton Number as the Fourth Color}",
    reportNumber = "IC-74-7",
    doi = "10.1103/PhysRevD.10.275",
    journal = "Phys. Rev. D",
    volume = "10",
    pages = "275--289",
    year = "1974",
    note = "[Erratum: Phys.Rev.D 11, 703--703 (1975)]"
}

@article{Gross:1974cs,
    author = "Gross, D. J. and Wilczek, Frank",
    title = "{ASYMPTOTICALLY FREE GAUGE THEORIES. 2.}",
    doi = "10.1103/PhysRevD.9.980",
    journal = "Phys. Rev. D",
    volume = "9",
    pages = "980--993",
    year = "1974"
}

@article{Pati:1973uk,
    author = "Pati, Jogesh C. and Salam, Abdus",
    title = "{Unified Lepton-Hadron Symmetry and a Gauge Theory of the Basic Interactions}",
    reportNumber = "IC-73-41-INT-REP",
    doi = "10.1103/PhysRevD.8.1240",
    journal = "Phys. Rev. D",
    volume = "8",
    pages = "1240--1251",
    year = "1973"
}

@article{Brodsky:1973kr,
    author = "Brodsky, Stanley J. and Farrar, Glennys R.",
    title = "{Scaling Laws at Large Transverse Momentum}",
    reportNumber = "SLAC-PUB-1290",
    doi = "10.1103/PhysRevLett.31.1153",
    journal = "Phys. Rev. Lett.",
    volume = "31",
    pages = "1153--1156",
    year = "1973"
}

@article{tHooft:1973mfk,
    author = "'t Hooft, Gerard",
    title = "{Dimensional regularization and the renormalization group}",
    doi = "10.1016/0550-3213(73)90376-3",
    journal = "Nucl. Phys. B",
    volume = "61",
    pages = "455--468",
    year = "1973"
}

@article{Kobayashi:1973fv,
    author = "Kobayashi, Makoto and Maskawa, Toshihide",
    title = "{CP Violation in the Renormalizable Theory of Weak Interaction}",
    reportNumber = "KUNS-242",
    doi = "10.1143/PTP.49.652",
    journal = "Prog. Theor. Phys.",
    volume = "49",
    pages = "652--657",
    year = "1973"
}

@article{Gross:1973ju,
    author = "Gross, D. J. and Wilczek, Frank",
    title = "{Asymptotically Free Gauge Theories - I}",
    reportNumber = "NAL-PUB-73-49-THY, FERMILAB-PUB-73-049-T",
    doi = "10.1103/PhysRevD.8.3633",
    journal = "Phys. Rev. D",
    volume = "8",
    pages = "3633--3652",
    year = "1973"
}

@article{Weinberg:1973un,
    author = "Weinberg, Steven",
    title = "{Nonabelian Gauge Theories of the Strong Interactions}",
    doi = "10.1103/PhysRevLett.31.494",
    journal = "Phys. Rev. Lett.",
    volume = "31",
    pages = "494--497",
    year = "1973"
}

@article{Fritzsch:1973pi,
    author = "Fritzsch, H. and Gell-Mann, Murray and Leutwyler, H.",
    title = "{Advantages of the Color Octet Gluon Picture}",
    reportNumber = "CALT-68-409",
    doi = "10.1016/0370-2693(73)90625-4",
    journal = "Phys. Lett. B",
    volume = "47",
    pages = "365--368",
    year = "1973"
}

@article{Koba:1972ng,
    author = "Koba, Z. and Nielsen, Holger Bech and Olesen, P.",
    title = "{Scaling of multiplicity distributions in high-energy hadron collisions}",
    doi = "10.1016/0550-3213(72)90551-2",
    journal = "Nucl. Phys. B",
    volume = "40",
    pages = "317--334",
    year = "1972"
}

@article{LlewellynSmith:1971uhs,
    author = "Llewellyn Smith, C. H.",
    title = "{Neutrino Reactions at Accelerator Energies}",
    reportNumber = "SLAC-PUB-0958",
    doi = "10.1016/0370-1573(72)90010-5",
    journal = "Phys. Rept.",
    volume = "3",
    pages = "261--379",
    year = "1972"
}

@article{Neveu:1971rx,
    author = "Neveu, A. and Schwarz, J. H.",
    title = "{Factorizable dual model of pions}",
    doi = "10.1016/0550-3213(71)90448-2",
    journal = "Nucl. Phys. B",
    volume = "31",
    pages = "86--112",
    year = "1971"
}

@article{vanDam:1970vg,
    author = "van Dam, H. and Veltman, M. J. G.",
    title = "{Massive and massless Yang-Mills and gravitational fields}",
    doi = "10.1016/0550-3213(70)90416-5",
    journal = "Nucl. Phys. B",
    volume = "22",
    pages = "397--411",
    year = "1970"
}

@article{Drell:1970wh,
    author = "Drell, S. D. and Yan, Tung-Mow",
    title = "{Massive Lepton Pair Production in Hadron-Hadron Collisions at High-Energies}",
    reportNumber = "SLAC-PUB-0755",
    doi = "10.1103/PhysRevLett.25.316",
    journal = "Phys. Rev. Lett.",
    volume = "25",
    pages = "316--320",
    year = "1970",
    note = "[Erratum: Phys.Rev.Lett. 25, 902 (1970)]"
}

@article{Glashow:1970gm,
    author = "Glashow, S. L. and Iliopoulos, J. and Maiani, L.",
    title = "{Weak Interactions with Lepton-Hadron Symmetry}",
    doi = "10.1103/PhysRevD.2.1285",
    journal = "Phys. Rev. D",
    volume = "2",
    pages = "1285--1292",
    year = "1970"
}

@article{Bjorken:1969ja,
    author = "Bjorken, J. D. and Paschos, Emmanuel A.",
    title = "{Inelastic Electron Proton and gamma Proton Scattering, and the Structure of the Nucleon}",
    reportNumber = "SLAC-PUB-0572",
    doi = "10.1103/PhysRev.185.1975",
    journal = "Phys. Rev.",
    volume = "185",
    pages = "1975--1982",
    year = "1969"
}

@article{Gribov:1968kq,
    author = "Gribov, V. N. and Pontecorvo, B.",
    title = "{Neutrino astronomy and lepton charge}",
    doi = "10.1016/0370-2693(69)90525-5",
    journal = "Phys. Lett. B",
    volume = "28",
    pages = "493",
    year = "1969"
}

@article{Sakharov:1967dj,
    author = "Sakharov, A. D.",
    title = "{Violation of CP Invariance, C asymmetry, and baryon asymmetry of the universe}",
    doi = "10.1070/PU1991v034n05ABEH002497",
    journal = "Sov. Phys. Usp.",
    volume = "34",
    number = "5",
    pages = "392--393",
    year = "1991"
}

@article{Han:1965pf,
    author = "Han, M. Y. and Nambu, Yoichiro",
    editor = "Eguchi, T.",
    title = "{Three Triplet Model with Double SU(3) Symmetry}",
    doi = "10.1103/PhysRev.139.B1006",
    journal = "Phys. Rev.",
    volume = "139",
    pages = "B1006--B1010",
    year = "1965"
}

@article{Hagedorn:1965st,
    author = "Hagedorn, R.",
    title = "{Statistical thermodynamics of strong interactions at high-energies}",
    reportNumber = "CERN-TH-520",
    journal = "Nuovo Cim. Suppl.",
    volume = "3",
    pages = "147--186",
    year = "1965"
}

@article{GellMann:1964nj,
    author = "Gell-Mann, Murray",
    title = "{A Schematic Model of Baryons and Mesons}",
    doi = "10.1016/S0031-9163(64)92001-3",
    journal = "Phys. Lett.",
    volume = "8",
    pages = "214--215",
    year = "1964"
}

@article{Greenberg:1964pe,
    author = "Greenberg, O. W.",
    title = "{Spin and Unitary Spin Independence in a Paraquark Model of Baryons and Mesons}",
    doi = "10.1103/PhysRevLett.13.598",
    journal = "Phys. Rev. Lett.",
    volume = "13",
    pages = "598--602",
    year = "1964"
}

@article{Cabibbo:1963yz,
    author = "Cabibbo, Nicola",
    title = "{Unitary Symmetry and Leptonic Decays}",
    doi = "10.1103/PhysRevLett.10.531",
    journal = "Phys. Rev. Lett.",
    volume = "10",
    pages = "531--533",
    year = "1963"
}

@article{Maki:1962mu,
    author = "Maki, Ziro and Nakagawa, Masami and Sakata, Shoichi",
    title = "{Remarks on the unified model of elementary particles}",
    doi = "10.1143/PTP.28.870",
    journal = "Prog. Theor. Phys.",
    volume = "28",
    pages = "870--880",
    year = "1962"
}

@article{GellMann:1962xb,
    author = "Gell-Mann, Murray",
    title = "{Symmetries of baryons and mesons}",
    doi = "10.1103/PhysRev.125.1067",
    journal = "Phys. Rev.",
    volume = "125",
    pages = "1067--1084",
    year = "1962"
}

@article{Yennie:1961ad,
    author = "Yennie, D. R. and Frautschi, Steven C. and Suura, H.",
    title = "{The infrared divergence phenomena and high-energy processes}",
    doi = "10.1016/0003-4916(61)90151-8",
    journal = "Annals Phys.",
    volume = "13",
    pages = "379--452",
    year = "1961"
}

@article{Froissart:1961ux,
    author = "Froissart, Marcel",
    title = "{Asymptotic behavior and subtractions in the Mandelstam representation}",
    doi = "10.1103/PhysRev.123.1053",
    journal = "Phys. Rev.",
    volume = "123",
    pages = "1053--1057",
    year = "1961"
}

@article{Glashow:1961tr,
    author = "Glashow, S. L.",
    title = "{Partial Symmetries of Weak Interactions}",
    doi = "10.1016/0029-5582(61)90469-2",
    journal = "Nucl. Phys.",
    volume = "22",
    pages = "579--588",
    year = "1961"
}

@article{Aharonov:1959fk,
    author = "Aharonov, Y. and Bohm, D.",
    editor = "Taylor, J. C.",
    title = "{Significance of electromagnetic potentials in the quantum theory}",
    doi = "10.1103/PhysRev.115.485",
    journal = "Phys. Rev.",
    volume = "115",
    pages = "485--491",
    year = "1959"
}

@article{Salpeter:1951sz,
    author = "Salpeter, E. E. and Bethe, H. A.",
    title = "{A Relativistic equation for bound state problems}",
    doi = "10.1103/PhysRev.84.1232",
    journal = "Phys. Rev.",
    volume = "84",
    pages = "1232--1242",
    year = "1951"
}

@article{Yang:1950rg,
    author = "Yang, Chen-Ning",
    title = "{Selection Rules for the Dematerialization of a Particle Into Two Photons}",
    doi = "10.1103/PhysRev.77.242",
    journal = "Phys. Rev.",
    volume = "77",
    pages = "242--245",
    year = "1950"
}

@article{Oppenheimer:1939ne,
    author = "Oppenheimer, J. R. and Volkoff, G. M.",
    title = "{On Massive neutron cores}",
    doi = "10.1103/PhysRev.55.374",
    journal = "Phys. Rev.",
    volume = "55",
    pages = "374--381",
    year = "1939"
}

@article{vonWeizsacker:1934nji,
    author = "von Weizsacker, C. F.",
    title = "{Radiation emitted in collisions of very fast electrons}",
    doi = "10.1007/BF01333110",
    journal = "Z. Phys.",
    volume = "88",
    pages = "612--625",
    year = "1934"
}
